@incollection{Negash2008,
    title = {{Business Intelligence}},
    year = {2008},
    booktitle = {Handbook on Decision Support Systems 2: Variations},
    author = {Negash, Solomon and Gray, Paul},
    pages = {175--193},
    publisher = {Springer},
    doi = {10.1007/978-3-540-48716-6_9},
    isbn = {9783540487166}
}

@misc{DavidSmith2017CRANNeed.,
    title = {{CRAN now has 10,000 R packages. Here's how to find the ones you need.}},
    year = {2017},
    author = {Smith, David},
    publisher = {Revolutions},
    url = {http://blog.revolutionanalytics.com/2017/01/cran-10000.html}
}

@inproceedings{Al-Eisawi2012BusinessReview,
    title = {{Business Intelligence - Definitions, managerial effects and aspects: A Systematic Literature Review}},
    year = {2012},
    booktitle = {Proceedings of the 14th International Conference on Enterprise Information Systems},
    author = {Al-Eisawi, D and Lycett, M},
    pages = {209--214},
    url = {http://www.scitepress.org/DigitalLibrary/Link.aspx?doi=10.5220/0004005902090214},
    doi = {10.5220/0004005902090214}
}

@article{Larson2016AScience,
    title = {{A review and future direction of agile, business intelligence, analytics and data science}},
    year = {2016},
    journal = {International Journal of Information Management},
    author = {Larson, Deanne and Chang, Victor},
    number = {5},
    pages = {700--710},
    volume = {36},
    url = {http://www.sciencedirect.com/science/article/pii/S026840121630233X},
    doi = {10.1016/j.ijinfomgt.2016.04.013},
    issn = {0268-4012}
}

@article{Tutunea2015BusinessOverview,
    title = {{Business Intelligence Solutions for Mobile Devices - An Overview}},
    year = {2015},
    journal = {Procedia Economics and Finance},
    author = {Tutunea, Mihaela Filofteia},
    pages = {160--169},
    volume = {27},
    url = {http://linkinghub.elsevier.com/retrieve/pii/S2212567115009855},
    doi = {10.1016/S2212-5671(15)00985-5}
}

@article{Shollo2016TowardsKnowing,
    title = {{Towards an understanding of the role of business intelligence systems in organisational knowing}},
    year = {2016},
    journal = {Information Systems Journal},
    author = {Shollo, Arisa and Galliers, Robert D.},
    number = {4},
    pages = {339–367},
    volume = {26},
    url = {http://onlinelibrary.wiley.com/doi/10.1111/isj.12071/abstract},
    doi = {10.1111/isj.12071}
}

@article{Plakidas2017EvolutionQualities,
    title = {{Evolution of the R software ecosystem: Metrics, relationships, and their impact on qualities}},
    year = {2017},
    journal = {Journal of Systems and Software},
    author = {Plakidas, Konstantinos and Schall, Daniel and Zdun, Uwe},
    month = {10},
    pages = {119--146},
    volume = {132},
    publisher = {Elsevier},
    url = {http://www.sciencedirect.com/science/article/pii/S0164121217301371},
    doi = {10.1016/j.jss.2017.06.095},
    issn = {01641212}
}

@article{Franco-Bedoya2017OpenMapping,
    title = {{Open source software ecosystems: A Systematic mapping}},
    year = {2017},
    journal = {Information and Software Technology},
    author = {Franco-Bedoya, Oscar and Ameller, David and Costal, Dolors and Franch, Xavier},
    pages = {160 - 185},
    volume = {91},
    url = {http://www.sciencedirect.com/science/article/pii/S0950584917304512},
    doi = {10.1016/j.infsof.2017.07.007},
    issn = {0950-5849},
    keywords = {OSSECO}
}

@article{Joshua2013SoftwareChallenges,
    title = {{Software Ecosystem: Features, Benefits and Challenges}},
    year = {2013},
    journal = {International Journal of Advanced Computer Science and Applications},
    author = {Joshua, J.V. and Alao, D.O. and Okolie, S.O. and Awodele, O.},
    number = {8},
    pages = {11},
    volume = {4},
    doi = {10.14569/IJACSA.2013.040833}
}

@article{HansenManikas2013,
    title = {{Software ecosystems - A systematic literature review}},
    year = {2013},
    journal = {Journal of Systems and Software},
    author = {Manikas, Konstantinos and Hansen, Klaus Marius},
    number = {5},
    month = {5},
    pages = {1294--1306},
    volume = {86},
    url = {http://linkinghub.elsevier.com/retrieve/pii/S016412121200338X},
    doi = {10.1016/j.jss.2012.12.026}
}

@incollection{Jansen2013DefiningGovernance,
    title = {{Defining software ecosystems: a survey of software platforms and business network governance}},
    year = {2013},
    booktitle = {Software ecosystems: analyzing and managing business networks in the software industry},
    author = {Cusumano, Michael A and Jansen, Slinger},
    editor = {Jansen, Slinger and Brinkkemper, Sjaak and Cusumano, Michael},
    volume = {13},
    publisher = {Edward Elgar Pub},
    url = {https://www.elgaronline.com/view/9781781955628.00008.xml}
}

@article{Christensen2014AnalysisEcosystem,
    title = {{Analysis and design of software ecosystem architectures - Towards the 4S telemedicine ecosystem}},
    year = {2014},
    journal = {Information and Software Technology},
    author = {Christensen, Henrik Bærbak and Hansen, Klaus Marius and Kyng, Morten and Manikas, Konstantinos},
    number = {11},
    month = {11},
    pages = {1476--1492},
    volume = {56},
    url = {http://www.sciencedirect.com/science/article/pii/S0950584914001050},
    doi = {10.1016/j.infsof.2014.05.002},
    issn = {09505849}
}

@inproceedings{Bosch2009FromEcosystems,
    title = {{From Software Product Lines to Software Ecosystems}},
    year = {2009},
    booktitle = {Proceedings of the 13th International Software Product Line Conference},
    author = {Bosch, Jan},
    pages = {111--119},
    publisher = {Carnegie Mellon University},
    url = {http://dl.acm.org/citation.cfm?id=1753235.1753251}
}

@inproceedings{Jansen2009AEcosystems,
    title = {{A sense of community: A research agenda for software ecosystems}},
    year = {2009},
    booktitle = {31st International Conference on Software Engineering},
    author = {Finkelstein, A and Brinkkemper, S and Jansen, Slinger},
    pages = {187--190},
    url = {http://ieeexplore.ieee.org/document/5070978/},
    doi = {10.1109/ICSE-COMPANION.2009.5070978}
}

@misc{RCoreTeam2017R:Computing,
    title = {{R: A Language and Environment for Statistical Computing}},
    year = {2018},
    author = {{R Core Team}},
    url = {http://www.r-project.org/},
    address = {Vienna, Austria}
}

@misc{PythonCoreTeam2017Python:Language.,
    title = {{Python: A dynamic, open source programming language.}},
    year = {2018},
    author = {{Python Core Team}},
    publisher = {Python Software Foundation},
    url = {https://www.python.org/}
}

@misc{Cass2017,
    title = {{The 2017 Top Programming Languages}},
    year = {2017},
    booktitle = {IEEE Spectrum},
    author = {Cass, Stephen and Diakopoulos, Nick},
    publisher = {IEEE},
    url = {http://spectrum.ieee.org/computing/software/the-2017-top-programming-languages}
}

@misc{Smith2017TheScientists/Engineers,
    title = {{The Most Popular Languages for Data Scientists/Engineers}},
    year = {2017},
    author = {Smith, David},
    publisher = {Revolutions},
    url = {http://blog.revolutionanalytics.com/2017/04/stackoverflow-developer-survey.html}
}

@misc{Muenchen2017TheSoftware,
    title = {{The Popularity of Data Science Software}},
    year = {2018},
    booktitle = {r4stats.com},
    author = {Muenchen, Robert A.},
    url = {http://r4stats.com/articles/popularity/}
}

@misc{DavidMa2016RAdvances,
    title = {{R vs Python for Data Science: Summary of Modern Advances}},
    year = {2016},
    booktitle = {EliteDataScience},
    author = {Ma, David},
    url = {https://elitedatascience.com/r-vs-python-for-data-science}
}

@misc{PeterWayner2017PythonShare,
    title = {{Python vs. R: The battle for data scientist mind share}},
    year = {2017},
    author = {Wayner, Peter},
    url = {http://www.infoworld.com/article/3187550/data-science/python-vs-r-the-battle-for-data-scientist-mind-share.html}
}

@misc{MartijnTheuwissen2015R,
    title = {{R vs Python for Data Science: The Winner is {\ldots}}},
    year = {2015},
    booktitle = {KDnuggets},
    author = {Theuwissen, Martijn},
    url = {http://www.kdnuggets.com/2015/05/r-vs-python-data-science.html}
}

@misc{ChengHanLee2015HowFirst,
    title = {{How to Choose Between Learning Python or R First}},
    year = {2015},
    booktitle = {Udacity},
    author = {Lee, Cheng-Han},
    url = {https://blog.udacity.com/2015/01/python-vs-r-learn-first.html}
}

@article{Dichev2017TowardsLiteracy,
    title = {{Towards Data Science Literacy}},
    year = {2017},
    journal = {Procedia Computer Science},
    author = {Dichev, Christo and Dicheva, Darina},
    pages = {2151--2160},
    volume = {108},
    url = {http://linkinghub.elsevier.com/retrieve/pii/S1877050917308670},
    doi = {10.1016/j.procs.2017.05.240},
    issn = {18770509}
}

@article{TeachingDS2016,
    title = {{Teaching Data Science}},
    year = {2016},
    journal = {Procedia Computer Science},
    author = {Brunner, Robert J. and Kim, Edward J.},
    pages = {1947--1956},
    volume = {80},
    url = {http://linkinghub.elsevier.com/retrieve/pii/S1877050916310006},
    doi = {10.1016/j.procs.2016.05.513}
}

@article{Jifa2014DataScience,
    title = {{Data, DIKW, Big Data and Data Science}},
    year = {2014},
    journal = {Procedia Computer Science},
    author = {Jifa, Gu and Lingling, Zhang},
    pages = {814--821},
    volume = {31},
    url = {http://linkinghub.elsevier.com/retrieve/pii/S1877050914005092},
    doi = {10.1016/j.procs.2014.05.332},
    issn = {18770509}
}

@article{Dhar:2013:DSP:2534706.2500499,
    title = {{Data Science and Prediction}},
    year = {2013},
    journal = {Communications of the ACM},
    author = {Dhar, Vasant},
    number = {12},
    pages = {64--73},
    volume = {56},
    publisher = {ACM},
    url = {http://doi.acm.org/10.1145/2500499},
    doi = {10.1145/2500499},
    issn = {0001-0782}
}

@article{Provost201351,
    title = {{Data Science and its Relationship to Big Data and Data-Driven Decision Making}},
    year = {2013},
    journal = {Big Data},
    author = {Provost, F and Fawcett, T},
    number = {1},
    pages = {51--59},
    volume = {1},
    publisher = {Mary Ann Liebert},
    url = {https://www.liebertpub.com/doi/abs/10.1089/big.2013.1508},
    doi = {10.1089/big.2013.1508}
}

@book{loukides2011data,
    title = {{What is data science?}},
    year = {2011},
    author = {Loukides, Mike},
    pages = {23},
    publisher = {O'Reilly Media},
    url = {https://www.oreilly.com/ideas/what-is-data-science},
    isbn = {9781491911860}
}

@article{JBL:JBL12010,
    title = {{Data Science, Predictive Analytics, and Big Data: A Revolution That Will Transform Supply Chain Design and Management}},
    year = {2013},
    journal = {Journal of Business Logistics},
    author = {Waller, Matthew A and Fawcett, Stanley E},
    number = {2},
    month = {6},
    pages = {77--84},
    volume = {34},
    url = {http://doi.wiley.com/10.1111/jbl.12010},
    doi = {10.1111/jbl.12010},
    issn = {07353766}
}

@article{5392644,
    title = {{A Business Intelligence System}},
    year = {1958},
    journal = {IBM Journal of Research and Development},
    author = {Luhn, Hans Peter},
    number = {4},
    month = {10},
    pages = {314--319},
    volume = {2},
    url = {http://ieeexplore.ieee.org/document/5392644/},
    doi = {10.1147/rd.24.0314},
    issn = {0018-8646}
}

@misc{Wilkerson2016CISB5941,
    title = {{CISB594 - Business Intelligence - Part 1}},
    year = {2016},
    author = {Wilkerson, Tyler},
    pages = {34},
    url = {http://slideplayer.com/slide/7377905/}
}

@article{Davenport2013Analytics3.0,
    title = {{Analytics 3.0}},
    year = {2013},
    journal = {Harvard Business Review},
    author = {Davenport, Thomas H.},
    url = {https://hbr.org/2013/12/analytics-30}
}

@misc{Heinze2014HistoryIntelligence,
    title = {{History of Business Intelligence}},
    year = {2014},
    booktitle = {BetterBuys},
    author = {Heinze, Justin},
    url = {https://www.betterbuys.com/bi/history-of-business-intelligence/}
}

@techreport{RossIhaka2009TheFuture,
    title = {{The R Project: A Brief History and Thoughts About the Future}},
    year = {2009},
    author = {Ihaka, Ross},
    pages = {34},
    url = {https://www.stat.auckland.ac.nz/~ihaka/downloads/Massey.pdf},
    institution = {The University of Auckland}
}

@misc{DavidSmith2016OverHistory,
    title = {{Over 16 years of R Project history}},
    year = {2016},
    author = {Smith, David},
    publisher = {Revolutions},
    url = {http://blog.revolutionanalytics.com/2016/03/16-years-of-r-history.html}
}

@misc{RProject2017WhatR,
    title = {{What is R?}},
    year = {2018},
    booktitle = {R Foundation},
    author = {{R Core Team}},
    url = {https://www.r-project.org/about.html}
}

@misc{HenrikBengtsson2017Subject:CRAN,
    title = {{Milestone: 12000 packages on CRAN}},
    year = {2017},
    booktitle = {R-devel Mailing List},
    author = {Bengtsson, Henrik},
    url = {https://stat.ethz.ch/pipermail/r-devel/2017-December/075231.html}
}

@misc{RCoreTeam2017RDefinition,
    title = {{R Language Definition}},
    year = {2018},
    author = {{R Core Team}},
    url = {ftp://cran.r-project.org/pub/R/doc/manuals/r-release/R-lang.html}
}

@misc{RCoreTeam2017AnR,
    title = {{An Introduction to R}},
    year = {2018},
    author = {{R Core Team}},
    url = {ftp://cran.r-project.org/pub/R/doc/manuals/r-release/R-intro.html}
}

@misc{Hornik2016FrequentlyR,
    title = {{Frequently Asked Questions on R}},
    year = {2016},
    author = {Hornik, Kurt},
    url = {https://cran.r-project.org/doc/FAQ/R-FAQ.html}
}

@book{GarrettGrolemund2017RData,
    title = {{R for Data Science: Import, Tidy, Transform, Visualize, and Model Data}},
    year = {2018},
    author = {Grolemund, Garrett and Wickham, Hadley},
    pages = {522},
    publisher = {O'Reilly Media},
    url = {http://r4ds.had.co.nz/},
    isbn = {9781491910399}
}

@article{Kane2013ScalableData,
    title = {{Scalable Strategies for Computing with Massive Data}},
    year = {2013},
    journal = {Journal of Statistical Software},
    author = {Kane, Michael J and Emerson, John and Weston, Stephen},
    number = {14},
    pages = {1--19},
    volume = {55},
    url = {http://www.jstatsoft.org/v55/i14/}
}

@misc{DavidSmith2013AR,
    title = {{A detailed guide to memory usage in R}},
    year = {2013},
    author = {Smith, David},
    publisher = {Revolutions},
    url = {http://blog.revolutionanalytics.com/2013/11/a-detailed-guide-to-memory-usage-in-r.html}
}

@misc{BillVenners2003TheRossum,
    title = {{The Making of Python - A Conversation with Guido van Rossum}},
    year = {2003},
    booktitle = {Artima Developer},
    author = {Venners, Bill},
    url = {http://www.artima.com/intv/pythonP.html}
}

@misc{TimPeters2004ThePython,
    title = {{The Zen of Python}},
    year = {2004},
    author = {Peters, Tim},
    url = {https://www.python.org/dev/peps/pep-0020/}
}

@misc{BerndKlein2017HistoryPython,
    title = {{History of Python}},
    year = {2018},
    booktitle = {Python Course},
    author = {Klein, Bernd},
    url = {http://www.python-course.eu/python3_history_and_philosophy.php}
}

@misc{MikeWasson2013ASP.NETASP.NET,
    title = {{ASP.NET - Single-Page Applications: Build Modern, Responsive Web Apps with ASP.NET}},
    year = {2013},
    booktitle = {MSDN Magazine Blog},
    author = {Wasson, Mike},
    url = {https://msdn.microsoft.com/en-us/magazine/dn463786.aspx}
}

@inproceedings{Stol:2010:CUO:1833272.1833276,
    title = {{Challenges in Using Open Source Software in Product Development: A Review of the Literature}},
    year = {2010},
    booktitle = {Proceedings of the 3rd International Workshop on Emerging Trends in Free/Libre/Open Source Software Research and Development},
    author = {Stol, Klaas-Jan and Ali Babar, Muhammad},
    pages = {17--22},
    url = {http://doi.acm.org/10.1145/1833272.1833276},
    isbn = {978-1-60558-978-7},
    doi = {10.1145/1833272.1833276},
    keywords = {challenges, component-based development, literature review, open source software}
}

@misc{PythonCoreTeam2017GraphicFAQ,
    title = {{Graphic User Interface FAQ}},
    year = {2018},
    booktitle = {Python Software Foundation},
    author = {{Python Core Team}},
    url = {https://docs.python.org/3/faq/gui.html}
}

@techreport{PeteChapman2004CRISP-DMGuide,
    title = {{Step-by-step data mining guide}},
    year = {2000},
    author = {Chapman, Pete and Clinton, Julian and Kerber, Randy and Khabaza, Thomas and Reinartz, Thomas and Shearer, Colin and Wirth, Rüdiger},
    pages = {1--78},
    url = {https://www.the-modeling-agency.com/crisp-dm.pdf},
    institution = {CRISP-DM consortium | IBM}
}

@book{JamesF.Moore1999TheEcosystems,
    title = {{The Death of Competition - Leadership {\&} Strategy in the Age of Business Ecosystems}},
    year = {1999},
    author = {Moore, James F.},
    pages = {324},
    publisher = {Harper Paperbacks},
    url = {https://www.harpercollins.com/9780887308505/the-death-of-competition},
    isbn = {9780887308505}
}

@inproceedings{German2013TheEcosystem,
    title = {{The Evolution of the R Software Ecosystem}},
    year = {2013},
    booktitle = {17th European Conference on Software Maintenance and Reengineering},
    author = {German, Daniel M and Adams, Bram and Hassan, Ahmed E},
    pages = {243--252},
    publisher = {IEEE},
    url = {http://ieeexplore.ieee.org/document/6498472/},
    isbn = {978-0-7695-4948-4},
    doi = {10.1109/CSMR.2013.33}
}

@article{Manikas2016RevisitingStudy,
    title = {{Revisiting software ecosystems Research: A longitudinal literature study}},
    year = {2016},
    journal = {Journal of Systems and Software},
    author = {Manikas, Konstantinos},
    month = {7},
    pages = {84--103},
    volume = {117},
    url = {http://linkinghub.elsevier.com/retrieve/pii/S0164121216000406},
    doi = {10.1016/j.jss.2016.02.003}
}

@inproceedings{Hoving2013Python:Ecosystem,
    title = {{Python: Characteristics identification of a free open source software ecosystem}},
    year = {2013},
    booktitle = {7th IEEE International Conference on Digital Ecosystems and Technologies (DEST)},
    author = {Hoving, R and Slot, G and Jansen, Slinger},
    pages = {13--18},
    url = {http://ieeexplore.ieee.org/document/6611322/},
    doi = {10.1109/DEST.2013.6611322}
}

@book{Iansiti2004TheSustainability,
    title = {{The keystone advantage: what the new dynamics of business ecosystems mean for strategy, innovation, and sustainability}},
    year = {2004},
    author = {Iansiti, Marco and Levien, Roy},
    publisher = {Harvard Business Press},
    url = {http://www.hbs.edu/faculty/Pages/item.aspx?num=16920}
}

@inproceedings{denHartigh2006TheEcosystem,
    title = {{The health measurement of a business ecosystem}},
    year = {2006},
    booktitle = {Proceedings of the European Network on Chaos and Complexity Research and Management Practice Meeting},
    author = {Hartigh, Erik den and Tol, Michiel and Visscher, Wouter},
    pages = {1--39},
    url = {https://www.researchgate.net/publication/288583566_Measuring_the_health_of_a_business_ecosystem}
}

@misc{ThomasZeutschler2016ITAnalytics,
    title = {{IT Applications in Business Analytics}},
    year = {2016},
    author = {Zeutschler, Thomas},
    pages = {32},
    publisher = {Hochschule Dusseldorf},
    url = {https://wiwi.hs-duesseldorf.de/personen/thomas.zeutschler/Documents/HSD_W_ITAiBA_Zeutschler_SS2016_Lecture2_CRSIP_DM.pdf}
}

@inproceedings{K.Plakidas2016HowEcosystem.,
    title = {{How do software ecosystems evolve? A quantitative assessment of the R ecosystem}},
    year = {2016},
    booktitle = {Proceedings of the 20th International Systems and Software Product Line},
    author = {Plakidas, Konstantinos and Stevanetic, Srdjan and Schall, Daniel and Ionescu, Tudor B. and Zdun, Uwe},
    pages = {89--98},
    url = {http://dl.acm.org/citation.cfm?doid=2934466.2934488},
    isbn = {9781450340502},
    doi = {10.1145/2934466.2934488}
}

@misc{MattAsay2016ExponentialCompetitors,
    title = {{Exponential growth of R's open source community threatens commercial competitors}},
    year = {2016},
    booktitle = {TechRepublic},
    author = {Asay, Matt},
    url = {http://www.techrepublic.com/article/exponential-growth-of-rs-open-source-community-threatens-commercial-competitors/}
}

@article{Davenport2012DataCentury,
    title = {{Data Scientist: The Sexiest Job of the 21st Century}},
    year = {2012},
    journal = {Harvard Business Review},
    author = {Davenport, Thomas H. and Patil, D.J.},
    url = {https://hbr.org/2012/10/data-scientist-the-sexiest-job-of-the-21st-century}
}

@book{FrancescoCorea2016DataMyths,
    title = {{Big Data Analytics: A Management Perspective}},
    year = {2016},
    author = {Corea, Francesco},
    publisher = {Springer},
    url = {http://www.springer.com/gp/book/9783319389912},
    doi = {10.1007/978-3-319-38992-9}
}

@book{CathyONeil2013DoingScience,
    title = {{Doing Data Science}},
    year = {2013},
    author = {O'Neil, Cathy and Schutt, Rachel},
    pages = {408},
    publisher = {O'Reilly Media},
    url = {http://shop.oreilly.com/product/0636920028529.do},
    isbn = {9781449363871}
}

@misc{DrewConway2013TheDiagram,
    title = {{The Data Science Venn Diagram}},
    year = {2013},
    booktitle = {DrewConway.com},
    author = {Conway, Drew},
    url = {http://drewconway.com/zia/2013/3/26/the-data-science-venn-diagram}
}

@article{Vasconcelos2017,
    title = {{Special section on data science and business intelligence}},
    year = {2017},
    journal = {International Journal of Information Management},
    author = {Vasconcelos, José Braga de and Rocha, Álvaro},
    number = {6},
    pages = {716--717},
    volume = {37},
    url = {http://www.sciencedirect.com/science/article/pii/S0268401217306047},
    doi = {10.1016/j.ijinfomgt.2017.07.014}
}

@article{Carbone2016ChallengesPerspective,
    title = {{Challenges in data science: a complex systems perspective}},
    year = {2016},
    journal = {Chaos, Solitons {\&} Fractals},
    author = {Carbone, Anna and Jensen, Meiko and Sato, Aki-Hiro},
    month = {9},
    pages = {1--7},
    volume = {90},
    url = {http://linkinghub.elsevier.com/retrieve/pii/S0960077916301515},
    doi = {10.1016/j.chaos.2016.04.020},
    issn = {09600779}
}

@misc{DavidRostcheck2016DataDifference,
    title = {{Data Science? Business Intelligence? What's the difference?}},
    year = {2016},
    booktitle = {LinkedIn},
    author = {Rostcheck, David},
    url = {https://www.linkedin.com/pulse/data-science-business-intelligence-whats-difference-david-rostcheck}
}

@misc{CharlesRoe2013ThePioneers,
    title = {{The Emergence of Data Science: Data Management’s New Pioneers}},
    year = {2013},
    booktitle = {DATAVERSITY},
    author = {Roe, Charles},
    url = {http://www.dataversity.net/the-emergence-of-data-science-data-managements-new-pioneers/}
}

@misc{JelaniHarper2014DistinguishingScience,
    title = {{Distinguishing Analytics, Business Intelligence, Data Science}},
    year = {2014},
    booktitle = {DATAVERSITY},
    author = {Harper, Jelani},
    url = {http://www.dataversity.net/distinguishing-analytics-business-intelligence-data-science/}
}

@misc{SaintJosephsUniversity2017BusinessDifference,
    title = {{Business Intelligence Analyst vs. Data Scientist: Understanding the Difference}},
    year = {2017},
    booktitle = {Saint Joseph's University},
    author = {{Saint Joseph's University}},
    url = {http://online.sju.edu/graduate/masters-business-intelligence/resources/articles/data-science-or-business-intelligence}
}

@misc{IanSwanson2016DataDifference,
    title = {{Data Scientists vs. BI Analysts: What's the Difference?}},
    year = {2016},
    booktitle = {CMSWire.com},
    author = {Swanson, Ian},
    url = {http://www.cmswire.com/analytics/data-scientists-vs-bi-analysts-whats-the-difference/}
}

@misc{DavidSmith2013StatisticsBI,
    title = {{Statistics vs Data Science vs BI}},
    year = {2013},
    author = {Smith, David},
    publisher = {Revolutions},
    url = {http://blog.revolutionanalytics.com/2013/05/statistics-vs-data-science-vs-bi.html}
}

@misc{BillSchmarzo2014BusinessDifference,
    title = {{Business Intelligence Analyst or Data Scientist? What’s the Difference?}},
    year = {2014},
    booktitle = {Direct2DellEMC},
    author = {Schmarzo, Bill},
    url = {https://blog.dellemc.com/en-us/business-intelligence-analyst-data-scientist-whats-difference/}
}

@misc{DavidDietrich2014BuildingTeams,
    title = {{Building Data Science Teams}},
    year = {2014},
    booktitle = {SlideShare},
    author = {Dietrich, David},
    url = {https://www.slideshare.net/emcacademics/building-data-science-teams-31057129}
}

@misc{MikeMerritt-Holmes201610Intelligence,
    title = {{10 differences between Data Science and Business Intelligence}},
    year = {2016},
    booktitle = {IT Pro Portal},
    author = {Merritt-Holmes, Mike},
    url = {http://www.itproportal.com/2016/08/18/10-differences-between-data-science-and-business-intelligence/}
}

@misc{Variousauthors2015WhatAnalyst,
    title = {{What is the difference between a data scientist and a business intelligence analyst?}},
    year = {2015},
    booktitle = {Quora},
    author = {Widjaja, Jason T},
    url = {https://www.quora.com/What-is-the-difference-between-a-data-scientist-and-a-business-intelligence-analyst/answer/Jason-T-Widjaja}
}

@misc{DavidRostcheck2016DataCareer,
    title = {{Data science as a professional career}},
    year = {2016},
    booktitle = {SlideShare},
    author = {Rostcheck, David},
    url = {https://www.slideshare.net/DavidRostcheck/data-science-as-a-professional-career}
}

@misc{DavidSmith2011HowIntelligence,
    title = {{How does Data Science impact Business Intelligence?}},
    year = {2011},
    author = {Smith, David},
    publisher = {Revolutions},
    url = {http://blog.revolutionanalytics.com/2011/05/how-does-data-science-impact-business-intelligence.html}
}

@inproceedings{Peltoniemi2004BusinessEnvironments,
    title = {{Business ecosystem as the new approach to complex adaptive business environments}},
    year = {2004},
    booktitle = {Proceedings of eBusiness research forum},
    author = {Peltoniemi, Mirva and Vuori, Elisa},
    pages = {267--281},
    volume = {2},
    url = {https://www.researchgate.net/publication/228985086_Business_Ecosystem_as_the_New_Approach_to_Complex_Adaptive_Business_Environments}
}

@inproceedings{Dhungana2010SoftwareNature,
    title = {{Software Ecosystems vs. Natural Ecosystems: Learning from the Ingenious Mind of Nature}},
    year = {2010},
    booktitle = {Proceedings of the Fourth European Conference on Software Architecture: Companion Volume},
    author = {Dhungana, Deepak and Groher, Iris and Schludermann, Elisabeth and Biffl, Stefan},
    pages = {96--102},
    isbn = {978-1-4503-0179-4},
    doi = {10.1145/1842752.1842777},
    keywords = {ecosystem, nature, software}
}

@misc{HadleyWickham2013TheMirror,
    title = {{The RStudio CRAN mirror}},
    year = {2013},
    booktitle = {RStudio Blog},
    author = {Wickham, Hadley},
    url = {https://blog.rstudio.com/2013/06/10/rstudio-cran-mirror/}
}

@misc{DonaldStufft2016PubliclyStatistics,
    title = {{Publicly Queryable Statistics}},
    year = {2016},
    booktitle = {Distutils-SIG Archives},
    author = {Stufft, Donald},
    url = {https://mail.python.org/pipermail/distutils-sig/2016-May/028986.html}
}

@article{Jansen2014MeasuringHealth,
    title = {{Measuring the health of open source software ecosystems: Beyond the scope of project health}},
    year = {2014},
    journal = {Information and Software Technology},
    author = {Jansen, Slinger},
    number = {11},
    month = {11},
    pages = {1508--1519},
    volume = {56},
    url = {http://www.sciencedirect.com/science/article/pii/S0950584914000871},
    doi = {10.1016/j.infsof.2014.04.006},
    issn = {09505849},
    keywords = {Software repository mining}
}

@inproceedings{Syed2013OnEcosystems,
    title = {{On clusters in open source ecosystems}},
    year = {2013},
    booktitle = {5th International Workshop on Software Ecosystems},
    author = {Syed, Shaheen and Jansen, Slinger},
    volume = {13},
    url = {http://citeseerx.ist.psu.edu/viewdoc/summary?doi=10.1.1.416.322}
}

@techreport{Firtik2017VizualizaceNastroju,
    title = {{Vizualizace v{\'{y}}sledků data miningu prost{\v{r}}ednictv{\'{i}}m BI n{\'{a}}strojů}},
    year = {2017},
    author = {Fi{\v{r}}t{\'{i}}k, Zdeněk},
    url = {https://vskp.vse.cz/69656_vizualizace_vysledku_data_miningu_prostrednictvim_bi_nastroju},
    institution = {University of Economics, Prague}
}

@article{Ihaka1996R:Graphics,
    title = {{R: A Language for Data Analysis and Graphics}},
    year = {1996},
    journal = {Journal of Computational and Graphical Statistics},
    author = {Ihaka, Ross and Gentleman, Robert},
    number = {3},
    pages = {299--314},
    volume = {5},
    publisher = {American Statistical Association, Taylor {\&} Francis, Ltd., Institute of Mathematical Statistics, Interface Foundation of America},
    url = {http://www.jstor.org/stable/1390807},
    issn = {10618600}
}

@article{Sanner1999Python:Development,
    title = {{Python: a programming language for software integration and development}},
    year = {1999},
    journal = {Journal of Molecular Graphics and Modelling},
    author = {Sanner, Michel F},
    number = {1},
    pages = {57--61},
    volume = {17},
    url = {https://www.ncbi.nlm.nih.gov/pubmed/10660911}
}

@misc{WarrenThornthwaite2012MicrosoftApproach,
    title = {{Microsoft Data Warehouse Business Intelligence Lifecycle - The Kimball Approach}},
    year = {2012},
    booktitle = {SlideShare},
    author = {Thornthwaite, Warren and Ginnebaugh, Mark},
    url = {https://www.slideshare.net/markginnebaugh/microsoft-data-warehouse-business-intelligence-lifecycle-kimball}
}

@misc{AnjaliSamani2016WorkingTeams,
    title = {{Working Effectively in Data Science Teams}},
    year = {2016},
    booktitle = {Silicon Valley Data Science},
    author = {Samani, Anjali and Oliveros, Silvia and Huang, Chen},
    url = {https://svds.com/working-effectively-in-data-science-teams/}
}

@misc{ErikWittern2016AnNpm,
    title = {{An Analysis of the JavaScript Package Ecosystem npm}},
    year = {2016},
    booktitle = {APIful Blog},
    author = {Wittern, Erik},
    url = {http://www.apiful.io/intro/2016/06/01/npm-analysis.html}
}

@misc{CharlesHumble2012OracleEcosystem,
    title = {{Oracle and the Java Ecosystem}},
    year = {2012},
    booktitle = {InfoQ},
    author = {Humble, Charles},
    url = {https://www.infoq.com/articles/oracle-java-ecosystem}
}

@misc{PythonCoreTeam2017TheReference,
    title = {{The Python Language Reference}},
    year = {2018},
    author = {{Python Core Team}},
    url = {https://docs.python.org/3/reference/index.html}
}

@misc{GuidovanRossum2009APython,
    title = {{A Brief Timeline of Python}},
    year = {2009},
    booktitle = {The History of Python},
    author = {Rossum, Guido van},
    url = {http://python-history.blogspot.de/2009/01/brief-timeline-of-python.html}
}

@book{Raschka2016Python:Learning,
    title = {{Python: Deeper Insights into Machine Learning}},
    year = {2016},
    author = {Raschka, S and Julian, D and Hearty, J},
    publisher = {Packt Publishing},
    url = {https://www.packtpub.com/big-data-and-business-intelligence/python-deeper-insights-machine-learning},
    isbn = {9781787128576}
}

@misc{PythonCoreTeam20172to3Translation,
    title = {{2to3 - Automated Python 2 to 3 code translation}},
    year = {2018},
    author = {{Python Core Team}},
    url = {https://docs.python.org/2.7/library/2to3.html}
}

@article{krawatzeck2013agile,
    title = {{Agile Business Intelligence - Definition, Ma{\ss}nahmen und Herausforderungen}},
    year = {2013},
    journal = {HMD Praxis der Wirtschaftsinformatik},
    author = {Krawatzeck, Robert and Zimmer, Michael and Trahasch, Stephan},
    number = {2},
    pages = {56--63},
    volume = {50},
    publisher = {Springer},
    doi = {10.1007/BF03340796}
}

@book{Kimball2008TheToolkit,
    title = {{The Data Warehouse Lifecycle Toolkit}},
    year = {2008},
    author = {Kimball, Ralph and Ross, Margy and Thornthwaite, Warren and Mundy, Joy and Becker, Bob},
    edition = {2nd},
    publisher = {Wiley},
    url = {http://dl.acm.org/citation.cfm?id=1571714},
    isbn = {9780470149775}
}

@misc{Taft2015,
    title = {{One-Third of BI Pros Spend Up to 90{\%} of Time Cleaning Data}},
    year = {2015},
    booktitle = {eWEEK},
    author = {Taft, Darryl K.},
    month = {7},
    url = {http://www.eweek.com/database/one-third-of-bi-pros-spend-up-to-90-of-time-cleaning-data}
}

@misc{Krishnakumar2011,
    title = {{Types of Research}},
    year = {2011},
    booktitle = {SlideShare},
    author = {Krishnakumar, Vaisali},
    url = {https://www.slideshare.net/vaisalik/types-of-research}
}

@techreport{Hejdanek2016NavrhIntelligencequot,
    title = {{N{\'{a}}vrh controllingov{\'{e}} koncepce s vyu{\v{z}}it{\'{i}}m syst{\'{e}}mu Business intelligence}},
    year = {2016},
    author = {Hejd{\'{a}}nek, Michal},
    url = {https://vskp.vse.cz/70950_navrh_controllingove_koncepce_svyuzitim_systemu_business_intelligence},
    institution = {University of Economics, Prague}
}

@misc{PythonCoreTeam2012,
    title = {{Why is Python a dynamic language and also a strongly typed language}},
    year = {2012},
    booktitle = {Python Wiki},
    author = {Montanaro, Skip},
    url = {https://wiki.python.org/moin/Why is Python a dynamic language and also a strongly typed language}
}

@misc{KristianPoslek2015OverviewJavaScript,
    title = {{Overview of the JavaScript ecosystem - An introduction to the vast world of JavaScript}},
    year = {2015},
    booktitle = {Medium.com},
    author = {Poslek, Kristian},
    url = {https://medium.com/@bojzi/overview-of-the-javascript-ecosystem-8ec4a0b7a7be}
}


@techreport{Horvath2011,
    title = {{Business Analytics - CRISP-DM}},
    year = {2011},
    author = {Horvath, Tomas},
    pages = {47},
    url = {https://www.ismll.uni-hildesheim.de/lehre/ba-12ss/script/ba03.pdf},
    institution = {University of Hildesheim}
}

@misc{Hajimia2014,
    title = {{Research Method - Sampling}},
    year = {2014},
    booktitle = {SlideShare},
    author = {Hajimia, Hafizah},
    url = {https://slideshare.net/hafizahhajimia/research-method-sampling}
}

@incollection{Barbosa201359,
    title = {{A systematic mapping study on software ecosystems from a three-dimensional perspective}},
    year = {2013},
    booktitle = {Software Ecosystems: Analyzing and Managing Business Networks in the Software Industry},
    author = {Barbosa, O and Santos, R and Alves, C and Werner, C and Jansen, Slinger},
    pages = {59--81},
    publisher = {Edward Elgar Publishing},
    url = {https://www.elgaronline.com/view/9781781955628.00011.xml},
    isbn = {9781781955628},
    doi = {10.4337/9781781955635.00011}
}

@article{JAN:JAN623,
    title = {{Sampling in qualitative research. Purposeful and theoretical sampling; merging or clear boundaries?}},
    year = {1997},
    journal = {Journal of Advanced Nursing},
    author = {Coyne, Imelda T.},
    number = {3},
    month = {9},
    pages = {623--630},
    volume = {26},
    publisher = {Blackwell Publishing},
    url = {http://doi.wiley.com/10.1046/j.1365-2648.1997.t01-25-00999.x},
    doi = {10.1046/j.1365-2648.1997.t01-25-00999.x},
    keywords = {grounded theory, qualitative, sampling}
}

@article{SuriHarsh11,
    title = {{Purposeful Sampling in Qualitative Research Synthesis}},
    year = {2011},
    journal = {Qualitative Research Journal},
    author = {Suri, Harsh},
    number = {2},
    month = {8},
    pages = {63--75},
    volume = {11},
    publisher = {Emerald Group Publishing},
    url = {http://www.emeraldinsight.com/doi/10.3316/QRJ1102063},
    doi = {10.3316/QRJ1102063},
    issn = {1443-9883},
    keywords = {Meta‐study, Meta‐synthesis, Purposeful sampling, Qualitative meta‐analysis, Qualitative research synthesis}
}

@book{Everitt:2006:HSA:1213890,
    title = {{A Handbook of Statistical Analyses Using R}},
    year = {2006},
    author = {Everitt, Brian S and Hothorn, Torsten},
    publisher = {Chapman {\&} Hall/CRC},
    url = {https://dl.acm.org/citation.cfm?id=1213890},
    isbn = {978-1420079333}
}

@misc{LearningCurveR2010,
    title = {{Learning R}},
    year = {2010},
    author = {Rickert, Joseph},
    publisher = {Revolutions},
    url = {http://blog.revolutionanalytics.com/2010/06/learning-r.html}
}

@misc{HarderToLearn2017,
    title = {{Why R is Hard to Learn}},
    year = {2017},
    booktitle = {r4stats.com},
    author = {Muenchen, Robert A.},
    url = {http://r4stats.com/articles/why-r-is-hard-to-learn/}
}

@book{Lutz2013,
    title = {{Learning Python}},
    year = {2013},
    author = {Lutz, Mark},
    edition = {5th},
    publisher = {O'Reilly Media},
    url = {http://shop.oreilly.com/product/0636920028154.do},
    isbn = {9781449355739}
}

@incollection{koziolek2008goal,
    title = {{Goal, question, metric}},
    year = {2008},
    booktitle = {Dependability Metrics - Lecture Notes in Computer Science},
    author = {Koziolek, Heiko},
    editor = {Eusgeld, I. and Freiling, F.C. and Reussner, R.},
    pages = {39--42},
    volume = {4909},
    publisher = {Springer},
    doi = {10.1007/978-3-540-68947-8_6},
    isbn = {978-3-540-68946-1}
}

@techreport{caldiera1994goal,
    title = {{The goal question metric approach}},
    year = {1994},
    author = {Basili, Victor R. and Caldiera, Gianluigi and Rombach, H. Dieter},
    note = "\url{http://www.cs.umd.edu/~mvz/handouts/gqm.pdf} and \url{http://onlinelibrary.wiley.com/doi/10.1002/0471028959.sof142/abstract}"
}

@misc{Theuwissen2016,
    title = {{R or Python? Consider learning both}},
    year = {2016},
    booktitle = {KDnuggets},
    author = {Theuwissen, Martijn},
    url = {http://www.kdnuggets.com/2016/03/r-python-learning-both-datacamp.html}
}

@article{t06,
    title = {{A General Inductive Approach for Analyzing Qualitative Evaluation Data}},
    year = {2006},
    journal = {American Journal of Evaluation},
    author = {Thomas, David R},
    number = {2},
    pages = {237--246},
    volume = {27},
    url = {http://journals.sagepub.com/doi/abs/10.1177/1098214005283748?journalCode=ajec},
    doi = {10.1177/1098214005283748}
}

@techreport{PetrovAarhus16,
    title = {{A literature study on barriers organizations face when adopting open-source software}},
    year = {2016},
    author = {Petrov, Dmitrij},
    url = {https://dmpe.github.io/PapersAndArticles/LiteratureStudyOnOpenSourceSoftware/},
    institution = {Aarhus Univeristy}
}

@techreport{Boris2015,
    title = {{It's Time To Upgrade Business Intelligence To Systems Of Insight}},
    year = {2017},
    author = {Evelson, Boris},
    url = {https://www.forrester.com/report/Its+Time+To+Upgrade+Business+Intelligence+To+Systems+Of+Insight/-/E-RES122481},
    institution = {Forrester Research}
}

@book{Collier2011,
    title = {{Agile Analytics: A Value-Driven Approach to Business Intelligence and Data Warehousing}},
    year = {2011},
    author = {Collier, Ken},
    pages = {368},
    publisher = {Addison-Wesley Professional},
    url = {https://dl.acm.org/citation.cfm?id=2025246},
    isbn = {9780321504814}
}

@article{Mayers1997,
    title = {{Qualitative Research in Information Systems}},
    year = {1997},
    journal = {MISQ Discovery},
    author = {Myers, M. D.},
    number = {2},
    pages = {241--242},
    volume = {21},
    url = {http://www.qual.auckland.ac.nz/}
}

@article{Chen2012,
    title = {{Business Intelligence and Analytics: From Big Data to Big Impact}},
    year = {2012},
    journal = {MIS Quarterly},
    author = {Chen, Hsinchun and Chiang, Roger H L and Storey, Veda C},
    number = {4},
    pages = {1165--1188},
    volume = {36},
    publisher = {Society for Information Management and The Management Information Systems Research Center},
    url = {http://dl.acm.org/citation.cfm?id=2481674.2481683},
    issn = {0276-7783},
    keywords = {big data analytics, business intelligence and analytics, web 2.0}
}

@misc{Brian2015Gent,
    title = {{The Evolution of Business Intelligence}},
    year = {2015},
    booktitle = {Innovation Enterprise Channels},
    author = {Gentile, Brian},
    url = {https://channels.theinnovationenterprise.com/articles/the-evolution-of-business-intelligence}
}

@misc{Kohl2016,
    title = {{The History of BI: The 2000’s and Now}},
    year = {2014},
    booktitle = {dataconomy},
    author = {Shah, Furhaad},
    url = {http://dataconomy.com/2014/07/the-history-of-bi-the-2000s-and-now/}
}

@article{Ousterhout1998,
    title = {{Scripting: higher level programming for the 21st Century}},
    year = {1998},
    journal = {Computer},
    author = {Ousterhout, J.K.},
    number = {3},
    month = {3},
    pages = {23--30},
    volume = {31},
    url = {http://ieeexplore.ieee.org/document/660187/},
    doi = {10.1109/2.660187},
    issn = {00189162}
}

@article{Sylvia2014,
    title = {{Programming tools: Adventures with R}},
    year = {2014},
    journal = {Nature},
    author = {Tippmann, Sylvia},
    number = {7532},
    pages = {109--110},
    volume = {517},
    url = {http://www.nature.com/doifinder/10.1038/517109a},
    doi = {10.1038/517109a},
    issn = {0028-0836},
    pmid = {25557714}
}

@book{Witten2011,
    title = {{Data Mining: Practical Machine Learning Tools and Techniques}},
    year = {2016},
    edition = {4th},
    author = {Witten, Ian H and Frank, Eibe and Hall, Mark A. and Pal, Christopher J.},
    pages = {654},
    series = {The Morgan Kaufmann Series in Data Management Systems},
    publisher = {Morgan Kaufmann},
    url = {https://www.cs.waikato.ac.nz/ml/weka/book.html},
    isbn = {9780128042915}
}

@misc{Joly2016,
    title = {{A Brief History of Business Intelligence | BI Software Insight}},
    year = {2016},
    booktitle = {Pyramid Analytics},
    author = {Joly, Susan},
    url = {https://www.pyramidanalytics.com/blog/business-intelligence-history}
}

@article{GoebelMichGru1999,
    title = {{A survey of data mining and knowledge discovery software tools}},
    year = {1999},
    journal = {ACM SIGKDD Explorations Newsletter},
    author = {Goebel, Michael and Gruenwald, Le},
    number = {1},
    volume = {1},
    url = {http://dl.acm.org/citation.cfm?id=846172}
}

@article{Lara2015BigData,
    title = {{A survey of open source tools for machine learning with big data in the Hadoop ecosystem}},
    year = {2015},
    journal = {Journal of Big Data},
    author = {Landset, Sara and Khoshgoftaar, Taghi M. and Richter, Aaron N. and Hasanin, Tawfiq},
    number = {1},
    pages = {24},
    volume = {2},
    url = {http://www.journalofbigdata.com/content/2/1/24},
    doi = {10.1186/s40537-015-0032-1},
    issn = {2196-1115}
}

@article{CaoLong2017,
    title = {{Data Science: A Comprehensive Overview}},
    year = {2017},
    journal = {ACM Computing Surveys},
    author = {Cao, Longbing},
    number = {3},
    month = {6},
    pages = {1--42},
    volume = {50},
    url = {http://dl.acm.org/citation.cfm?id=3076253},
    doi = {10.1145/3076253},
    issn = {03600300}
}

@article{Eleni2017,
    title = {{An empirical comparison of developer retention in the RubyGems and npm software ecosystems}},
    year = {2017},
    journal = {Innovations in Systems and Software Engineering},
    author = {Constantinou, Eleni and Mens, Tom},
    number = {2-3},
    pages = {101--115},
    volume = {13},
    doi = {10.1007/s11334-017-0303-4},
    issn = {16145054}
}

@inproceedings{Mens2014,
    title = {{ECOS: Ecological Studies of Open Source Software Ecosystems}},
    year = {2014},
    booktitle = {IEEE Conference on Software Maintenance, Reengineering, and Reverse Engineering},
    author = {Mens, Tom and Grosjean, Philippe},
    pages = {403--406},
    doi = {10.1109/CSMR-WCRE.2014.6747205}
}

@article{LiYanRu2009,
    title = {{The technological roadmap of Cisco's business ecosystem}},
    year = {2009},
    journal = {Technovation},
    author = {Li, Yan Ru},
    number = {5},
    pages = {379--386},
    volume = {29},
    doi = {10.1016/j.technovation.2009.01.007},
    keywords = {Business ecosystem, Cisco, Mergers and acquisitions (M{\&}A), Patent analysis, Technological roadmap, Text mining}
}

@inproceedings{RubyJaapJansen2011,
    title = {{Steering Insight: An Exploration of the Ruby Software Ecosystem}},
    year = {2011},
    booktitle = {Software Business: Second International Conference, ICSOB},
    author = {Kabbedijk, Jaap and Jansen, Slinger},
    pages = {44--55},
    doi = {10.1007%2F978-3-642-21544-5_5},
    isbn = {978-3-642-21544-5},
    keywords = {Ruby, ecosystem governance, exploratory case study, software ecosystem}
}

@article{Mikut2011,
    title = {{Data mining tools}},
    year = {2011},
    journal = {Wiley Interdisciplinary Reviews: Data Mining and Knowledge Discovery},
    author = {Mikut, Ralf and Reischl, Markus},
    number = {5},
    pages = {431--443},
    volume = {1},
    url = {http://doi.wiley.com/10.1002/widm.24},
    doi = {10.1002/widm.24}
}

@article{Acetp2013,
    title = {{Cloud monitoring: A survey}},
    year = {2013},
    journal = {Computer Networks},
    author = {Aceto, Giuseppe and Botta, Alessio and De Donato, Walter and Pescap{\`{e}}, Antonio},
    number = {9},
    pages = {2093--2115},
    volume = {57},
    doi = {10.1016/j.comnet.2013.04.001},
    keywords = {Cloud measurements, Cloud monitoring, Cloud monitoring metrics, Cloud monitoring platforms, Cloud resource monitoring, SLA monitoring}
}

@article{Liu2014,
    title = {{Survey of Real-time Processing Systems for Big Data}},
    year = {2014},
    journal = {Proceedings of the 18th International Database Engineering {\&} Applications Symposium},
    author = {Liu, Xiufeng and Iftikhar, Nadeem and Xie, Xike},
    pages = {356--361},
    url = {http://doi.acm.org/10.1145/2628194.2628251},
    isbn = {978-1-4503-2627-8},
    doi = {10.1145/2628194.2628251},
    keywords = {architectures, big data, real-time, survey, systems}
}

@article{ChenMinMao2014,
    title = {{Big Data: A Survey}},
    year = {2014},
    journal = {Mobile Networks and Applications},
    author = {Mao, Shiwen and Chen, Min and Liu, Yunhao},
    number = {2},
    pages = {171--209},
    volume = {19},
    url = {http://link.springer.com/10.1007/s11036-013-0489-0},
    doi = {10.1007/s11036-013-0489-0}
}

@misc{DavidStackOverflow2017,
    title = {{The Impressive Growth of R}},
    year = {2017},
    booktitle = {Stack Overflow Blog},
    author = {Robinson, David},
    url = {https://stackoverflow.blog/2017/10/10/impressive-growth-r/}
}

@unpublished{Okoli2010,
    title = {{A Guide to Conducting a Systematic Literature Review of Information Systems Research}},
    year = {2011},
    author = {Okoli, Chitu and Schabram, Kira},
    number = {2010},
    volume = {10},
    url = {https://papers.ssrn.com/sol3/papers.cfm?abstract_id=1954824},
    keywords = {10-26, aisnet, copyright, creative commons attribution-noncommercial-no deri, doctoral studies, http, information systems research, literature reviews, org, permanent url, research methodology, sprouts, systematic literature reviews, works license}
}

@article{Golafshani2003,
    title = {{Understanding Reliability and Validity in Qualitative Research}},
    year = {2003},
    journal = {The Qualitative Report},
    author = {Golafshani, Nahid},
    number = {4},
    pages = {597--606},
    volume = {8},
    url = {http://nsuworks.nova.edu/tqr/vol8/iss4/6/},
    keywords = {Construct, Qualitative, Reliability, Research. Reliability, This, Triangulation, Validity, and Quantitative}
}

@article{PavlopoulosBio2008,
    title = {{A survey of visualization tools for biological network analysis}},
    year = {2008},
    journal = {BioData Mining},
    author = {Pavlopoulos, Georgios A and Wegener, Anna-Lynn and Schneider, Reinhard},
    number = {1},
    pages = {12},
    volume = {1},
    url = {http://biodatamining.biomedcentral.com/articles/10.1186/1756-0381-1-12},
    doi = {10.1186/1756-0381-1-12}
}

@article{ThomasSterling2010,
    title = {{A survey of current software for network analysis in molecular biology}},
    year = {2010},
    journal = {Human Genomics},
    author = {Bonchev, Danail and Thomas, Sterling},
    number = {5},
    pages = {353},
    volume = {4},
    url = {http://humgenomics.biomedcentral.com/articles/10.1186/1479-7364-4-5-353},
    doi = {10.1186/1479-7364-4-5-353},
    issn = {1479-7364},
    keywords = {Bioinformatics, Human Genetics, Proteomics}
}

@article{Pabinger2014,
    title = {{A survey of tools for variant analysis of next-generation genome sequencing data}},
    year = {2014},
    journal = {Briefings in Bioinformatics},
    author = {Pabinger, Stephan and Dander, Andreas and Fischer, Maria and Snajder, Rene and Sperk, Michael and Efremova, Mirjana and Krabichler, Birgit and Speicher, Michael R. and Zschocke, Johannes and Trajanoski, Zlatko},
    number = {2},
    pages = {256--278},
    volume = {15},
    doi = {10.1093/bib/bbs086},
    keywords = {Bioinformatics tools, Cancer, Mendelian disorders, Next-generation sequencing, Variants}
}

@article{Guetterman2015,
    title = {{Integrating quantitative and qualitative results in health science mixed methods research through joint displays}},
    year = {2015},
    journal = {The Annals of Family Medicine},
    author = {Guetterman, Timothy C and Fetters, Michael D and Creswell, John W},
    number = {6},
    pages = {554--561},
    volume = {13},
    url = {http://www.annfammed.org/content/13/6/554.full},
    doi = {10.1370/afm.1865}
}

@book{Creswell2003,
    title = {{Research Design: Qualitative, Quantitative, and Mixed Methods Approaches}},
    year = {2013},
    author = {Creswell, J.W.},
    pages = {273},
    publisher = {SAGE Publications},
    url = {https://us.sagepub.com/en-us/nam/research-design/book237357},
    isbn = {9781452226101}
}

@misc{FoodRes2017,
    title = {{Mixed methods research}},
    year = {2018},
    booktitle = {FoodRisC},
    author = {Wall, Patrick},
    url = {http://resourcecentre.foodrisc.org/mixed-methods-research_185.html},
    institution = {University College Dublin, Ireland}
}

@article{SmallMario20111,
    title = {{How to Conduct a Mixed Methods Study: Recent Trends in a Rapidly Growing Literature}},
    year = {2011},
    journal = {Annual Review of Sociology},
    author = {Small, Mario Luis},
    number = {1},
    pages = {57--86},
    volume = {37},
    url = {http://www.annualreviews.org/doi/10.1146/annurev.soc.012809.102657},
    doi = {10.1146/annurev.soc.012809.102657}
}

@book{Saunders2015,
    title = {{Research Methods for Business Students}},
    year = {2015},
    edition = {7th},
    author = {Saunders, Mark and Lewis, Philip and Thornhill, Adrian},
    publisher = {Pearson},
    url = {http://catalogue.pearsoned.co.uk/educator/product/Research-Methods-for-Business-Students/9781292016627.page},
    isbn = {9781292016627}
}

@article{Cameron2009,
    title = {{A sequential mixed model research design: Design, analytical and display issues}},
    year = {2009},
    journal = {International Journal of Multiple Research Approaches},
    author = {Cameron, Roslyn},
    number = {2},
    month = {8},
    pages = {140--152},
    volume = {3},
    url = {http://www.tandfonline.com/doi/abs/10.5172/mra.3.2.140},
    doi = {10.5172/mra.3.2.140},
    keywords = {Mixed methods, Qualitative research, Quantitative research, Research designs, Triangulation}
}

@article{Charles2007,
    title = {{Mixed Methods Sampling: A Typology with Examples}},
    year = {2007},
    journal = {Journal of Mixed Methods Research},
    author = {Teddlie, Charles and Yu, Fen},
    number = {1},
    pages = {77--77},
    volume = {1},
    url = {http://journals.sagepub.com/doi/10.1177/2345678906292430},
    isbn = {1011772345},
    doi = {10.1177/2345678906292430},
    issn = {1558-6898}
}

@book{PattonMQ1990,
    title = {{Qualitative evaluation and research methods}},
    year = {2015},
    author = {Patton, Michael Quinn},
    edition = {4th},
    pages = {832},
    publisher = {SAGE Publications},
    url = {https://us.sagepub.com/en-us/nam/qualitative-research-evaluation-methods/book232962},
    isbn = {978-1412972123}
}

@article{MargSade1995,
    title = {{Sample size in qualitative research}},
    year = {1995},
    journal = {Research in Nursing {\&} Health},
    author = {Sandelowski, Margarete},
    number = {2},
    month = {4},
    pages = {179--183},
    volume = {18},
    url = {http://doi.wiley.com/10.1002/nur.4770180211},
    doi = {10.1002/nur.4770180211},
    issn = {01606891}
}

@article{SeamanC1999,
    title = {{Qualitative methods in empirical studies of software engineering}},
    year = {1999},
    journal = {IEEE Transactions on Software Engineering},
    author = {Seaman, C.B.},
    number = {4},
    pages = {557--572},
    volume = {25},
    publisher = {IEEE},
    url = {http://ieeexplore.ieee.org/document/799955/},
    doi = {10.1109/32.799955},
    issn = {00985589}
}

@unpublished{Persson2004,
    title = {{Qualitative Methods in Software Engineering}},
    year = {2004},
    author = {Persson, Sara},
    url = {http://fileadmin.cs.lth.se/serg/old-serg-dok/docs-masterthesis/59_Rep.5520.Persson.pdf},
    institution = {Lund University}
}

@article{SeamanPresentation2013,
    title = {{Using Qualitative Methods in Empirical Studies of Software Engineering}},
    year = {2013},
    author = {Seaman, Carolyn},
    url = {http://ccsl.ime.usp.br/files/QualMethods minicourse USP-1.pdf},
    address = {Brazil, Sao Paulo}
}

@misc{JansenHarrie2010,
    title = {{The logic of qualitative survey research and its position in the field of social research methods}},
    year = {2010},
    booktitle = {Forum Qualitative Sozialforschung},
    author = {Jansen, H},
    number = {2},
    volume = {11},
    doi = {10.17169/fqs-11.2.1450}
}

@misc{Prabash78,
    title = {{Interpretivism and Postivism (Ontological and Epistemological Perspectives)}},
    year = {2012},
    author = {Edirisingha, Prabash},
    url = {https://prabash78.wordpress.com/2012/03/14/interpretivism-and-postivism-ontological-and-epistemological-perspectives/}
}

@book{NinaBookR2014,
    title = {{Practical data science with R}},
    year = {2014},
    author = {Zumel, Nina and Mount, John},
    pages = {417},
    publisher = {Manning Publications},
    url = {https://www.manning.com/books/practical-data-science-with-r},
    isbn = {9781617291562}
}

@article{Pukhovskaya2014,
    title = {{Green Issues in Education Research}},
    year = {2014},
    journal = {International Journal of Sales, Retailing and Marketing},
    author = {Pukhovskaya, Alina},
    number = {2},
    volume = {3},
    url = {http://www.ijsrm.com/ijsrm/Current_&_Past_Issues_files/IJSRM3-2.pdf}
}

@article{Perez2011Python:Computing,
    title = {{Python: An Ecosystem for Scientific Computing}},
    year = {2011},
    journal = {Computing in Science and Engg.},
    author = {Perez, Fernando and Granger, Brian E and Hunter, John D},
    number = {2},
    pages = {13--21},
    volume = {13},
    url = {https://scipy.org/},
    doi = {10.1109/MCSE.2010.119},
    keywords = {Programming environments, Python, arrays, data structure, high-level languages, language classifications, object-oriented languages, programming languages, scientific computing, software engineering}
}

@misc{MosaicDataScience2017,
    title = {{Mosaic Data Science Resources | Data Science Design Patterns}},
    year = {2014},
    booktitle = {Mosaic Data Science},
    author = {{Mosaic}},
    url = {http://www.mosaicdatascience.com/resources/data-science-design-patterns/}
}

@article{HeffreMheer2006,
    title = {{Software Design Patterns for Information Visualization}},
    year = {2006},
    journal = {IEEE Transactions on Visualization and Computer Graphics},
    author = {Heer, Jeffrey M and Agrawala, Maneesh},
    number = {5},
    volume = {12},
    url = {https://dl.acm.org/citation.cfm?id=1187627.1187797},
    doi = {10.1109/TVCG.2006.178}
}

@book{Todd2019,
    title = {{Data Science Design Patterns}},
    year = {2019},
    author = {Morley, Todd},
    publisher = {Pearson Professional},
    url = {http://www.pearsoned.co.nz/9780134000053},
    isbn = {9780134000053}
}

@misc{Trochim2006,
    title = {{Deduction and Induction | Qualitative Data}},
    year = {2006},
    booktitle = {Research Methods Knowledge Base},
    author = {Trochim, William M. K.},
    url = {https://www.socialresearchmethods.net/}
}

@article{LongCao2016,
    title = {{Data Science: Nature and Pitfalls}},
    year = {2016},
    journal = {IEEE Intelligent Systems},
    author = {Cao, Longbing},
    number = {5},
    volume = {31},
    url = {http://ieeexplore.ieee.org/document/7579413/},
    doi = {10.1109/MIS.2016.86}
}

@book{JurneyRus2013,
    title = {{Agile Data Science: Building Data Analytics Applications with Hadoop}},
    year = {2013},
    author = {Jurney, Russell},
    pages = {178},
    publisher = {O'Reilly Media},
    url = {http://shop.oreilly.com/product/0636920025054.do},
    isbn = {9781449326265}
}

@article{InventadoPeter2015,
    title = {{Data-driven Design Pattern Production: A Case Study on the ASSISTments Online Learning System}},
    year = {2015},
    journal = {Proceedings of the 20th European Conference on Pattern Languages of Programs},
    author = {Inventado, Paul Salvador and Scupelli, Peter},
    pages = {1--13},
    isbn = {978-1-4503-3847-9},
    doi = {10.1145/2855321.2855336},
    keywords = {ASSISTments, online learning systems, pattern evaluation, pattern mining, pattern prospecting, pattern writing}
}

@inproceedings{InPaulPeter2016,
    title = {{Design Patterns for Math Problems and Learning Support in Online Learning Systems}},
    year = {2016},
    booktitle = {Proceedings of the 10th Travelling Conference on Pattern Languages of Programs - VikingPLoP},
    author = {Inventado, Paul Salvador and Scupelli, Peter},
    pages = {1--16},
    url = {http://dl.acm.org/citation.cfm?doid=3022636.3022644},
    isbn = {9781450342001},
    doi = {10.1145/3022636.3022644}
}

@book{BobbyGregor2012,
    title = {{Enterprise Integration Patterns: Designing, Building, and Deploying Messaging Solutions}},
    year = {2003},
    author = {Hohpe, Gregor and Woolf, Bobby},
    pages = {736},
    publisher = {Addison-Wesley Professional},
    url = {https://dl.acm.org/citation.cfm?id=940308},
    isbn = {9780321200686}
}

@book{Fowler2002,
    title = {{Patterns of Enterprise Application Architecture}},
    year = {2002},
    author = {Fowler, Martin},
    edition = {1st},
    pages = {560},
    publisher = {Addison-Wesley Professional},
    url = {https://martinfowler.com/books/eaa.html},
    isbn = {9780321127426}
}

@book{Brich1995,
    title = {{Studies in computational science: parallel programming paradigms}},
    year = {1995},
    author = {Hansen, Per Brinch},
    pages = {368},
    publisher = {Prentice Hall},
    url = {https://dl.acm.org/citation.cfm?id=526904},
    isbn = {0134393244}
}

@book{Alexander1977,
    title = {{A pattern language: towns, buildings, construction}},
    year = {1977},
    author = {Alexander, Christopher and Ishikawa, Sara and Silverstein, Murray},
    pages = {1171},
    publisher = {Oxford University Press},
    url = {https://www.patternlanguage.com/bookstore/pattern-language.html},
    isbn = {9780195019193}
}

@article{Spinellis1999,
    title = {{Notable design patterns for domain-specific languages}},
    year = {2001},
    journal = {Journal of Systems and Software},
    author = {Spinellis, Diomidis},
    number = {1},
    pages = {91--99},
    volume = {56},
    url = {http://www.sciencedirect.com/science/article/pii/S0164121200000893},
    doi = {10.1016/S0164-1212(00)00089-3},
    keywords = {Design patterns, Domain-specific languages}
}

@book{BruseDougals2002,
    title = {{Real-Time Design Patterns: Robust Scalable Architecture for Real-Time Systems}},
    year = {2002},
    author = {Douglass, Bruce Powel},
    pages = {528},
    publisher = {Addison Wesley Professional},
    url = {https://dl.acm.org/citation.cfm?id=557125},
    isbn = {0201699567}
}

@book{Mattson2005,
    title = {{Patterns for Parallel Programming}},
    year = {2004},
    author = {Mattson, Timothy G and Sanders, Beverly and Massingill, Berna},
    publisher = {Pearson Education},
    url = {https://dl.acm.org/citation.cfm?id=1406956},
    isbn = {9780321228116}
}

@book{GoF2002,
    title = {{Design Patterns - Elements of Reusable Object-Oriented Software}},
    year = {1994},
    author = {Gamma, Erich and Helm, Richard and Johnson, Ralph and Vlissides, John},
    publisher = {Addison-Wesley Professional},
    url = {https://dl.acm.org/citation.cfm?id=186897},
    isbn = {9780201633610}
}

@article{ChenHong2004,
    title = {{Towards Design Patterns for Dynamic Analytical Data Visualization}},
    year = {2004},
    journal = {Visualization and Data Analysis},
    author = {Chen, Hong},
    url = {https://www.spiedigitallibrary.org/conference-proceedings-of-spie/5295/1/Toward-design-patterns-for-dynamic-analytical-data-visualization/10.1117/12.539227.short},
    doi = {10.1117/12.539227}
}

@inproceedings{Adriadno2016,
    title = {{A big data analytics design patterns to select customers for electricity theft inspection}},
    year = {2016},
    booktitle = {Transmission {\&} Distribution Conference and Exposition-Latin America, 2016 IEEE PES},
    author = {Leal, Adriano Galindo and Boldt, Marcel},
    pages = {1--6},
    url = {http://ieeexplore.ieee.org/document/7805663/},
    isbn = {978-1-5090-2875-7},
    doi = {10.1109/TDC-LA.2016.7805663},
    keywords = {Decision support systems, Pattern analysis, Power distribution, Power system analysis computing, Smart grids}
}

@inproceedings{Stefan2017,
    title = {{Introducing Design Patterns to Knowledge Processing Systems in the Context of Big Data and Cloud Platforms}},
    year = {2017},
    booktitle = {28th International Workshop on Database and Expert Systems Applications},
    author = {Nadschlager, Stefan},
    pages = {47--51},
    url = {http://ieeexplore.ieee.org/document/8049684/},
    isbn = {978-1-5386-1051-0},
    doi = {10.1109/DEXA.2017.26}
}

@article{Gwendolyn2010,
    title = {{Cognitive learning efficiency through the use of design patterns in teaching}},
    year = {2010},
    journal = {Computers and Education},
    author = {Kolfschoten, Gwendolyn and Lukosch, Stephan and Verbraeck, Alexander and Valentin, Edwin and Vreede, Gert Jan de},
    number = {3},
    month = {4},
    pages = {652--660},
    volume = {54},
    publisher = {Pergamon},
    url = {http://www.sciencedirect.com/science/article/pii/S036013150900270X},
    doi = {10.1016/j.compedu.2009.09.028},
    keywords = {Cognitive load, Design patterns, Design skills, Expertise reversal effect, Learning efficiency}
}

@misc{Fabian2013,
    title = {{Design Patterns}},
    year = {2013},
    booktitle = {Data-Oriented Design},
    author = {Fabian, Richard},
    url = {http://www.dataorienteddesign.com/dodmain/node16.html}
}

@article{Arcitura2017BiDataPatterns,
    title = {{Big Data Patterns}},
    year = {2018},
    journal = {For more see Erl, Khattak {\&} Buhler's Big Data Fundamentals: Concepts, Drivers {\&} Techniques (2016)},
    author = {{Arcitura}},
    series = {The Prentice Hall Service Technology Series from Thomas Erl},
    url = {www.bigdatapatterns.org}
}

@article{MalinaMary2011,
    title = {{Lessons learned: advantages and disadvantages of mixed method research}},
    year = {2011},
    journal = {Qualitative Research in Accounting {\&} Management},
    author = {Malina, Mary A. and N{\o}rreklit, Hanne S.O. and Selto, Frank H.},
    number = {1},
    pages = {59--71},
    volume = {8},
    publisher = {Emerald Group Publishing},
    url = {http://www.emeraldinsight.com/doi/10.1108/11766091111124702},
    doi = {10.1108/11766091111124702},
    keywords = {Qualitative research, Quantitative research, Research methods}
}

@article{Gorard2010,
    title = {{The death of mixed methods: research labels and their casualties}},
    year = {2010},
    journal = {The British Educational Research Association},
    author = {Symonds, Jenny E and Gorard, Stephen},
    pages = {1--19},
    url = {http://www.tandfonline.com/doi/abs/10.1080/09500790.2010.483514},
    doi = {10.1080/09500790.2010.483514},
    keywords = {mixed methods, paradigm, qualitative, quantitative, research}
}

@article{Schmidt:1996:SP:236156.236164,
    title = {{Software Patterns}},
    year = {1996},
    journal = {Commun. ACM},
    author = {Schmidt, Douglas C and Fayad, Mohamed and Johnson, Ralph E},
    number = {10},
    pages = {37--39},
    volume = {39},
    publisher = {ACM},
    url = {http://doi.acm.org/10.1145/236156.236164},
    doi = {10.1145/236156.236164}
}

@article{Werner2006,
    title = {{The art of observation: Understanding pattern languages}},
    year = {2006},
    journal = {Journal of Research Practice},
    author = {Ulrich, Werner},
    number = {1},
    pages = {9},
    volume = {2},
    url = {http://jrp.icaap.org/index.php/jrp/article/view/26/46},
    issn = {1712851X}
}

@book{Blaha2010,
    title = {{Patterns of data modeling}},
    year = {2010},
    author = {Blaha, Michael},
    pages = {245},
    publisher = {CRC Press},
    url = {https://www.crcpress.com/Patterns-of-Data-Modeling/Blaha/p/book/9781439819890},
    isbn = {9781439819890},
    keywords = {Data structures (Computer science), Databases., Software patterns.}
}

@article{geist2012patterns,
    title = {{The patterns of music: Young children learning mathematics through beat, rhythm, and melody}},
    year = {2012},
    journal = {YC Young Children},
    author = {Geist, Kamile and Geist, Eugene and Kuznik, Kathleen},
    number = {1},
    pages = {74--79},
    volume = {67},
    publisher = {National Association for the Education of Young Children},
    url = {https://eric.ed.gov/?id=EJ975497}
}

@misc{Fractal2017,
    title = {{Fractal}},
    year = {2018},
    booktitle = {MathWorld - A Wolfram Web Resource},
    author = {Weisstein, Eric W},
    url = {http://mathworld.wolfram.com/Fractal.html}
}

@book{Chetan2016,
    title = {{Learning Python Design Patterns}},
    year = {2016},
    author = {Giridhar, Chetan},
    edition = {2nd},
    pages = {164},
    publisher = {Packt Publishing},
    url = {http://shop.oreilly.com/product/9781785888038.do},
    isbn = {9781785887376}
}

@article{GuerreroLuisFuller2001,
    title = {{A pattern system for the development of collaborative applications}},
    year = {2001},
    journal = {Information and Software Technology},
    author = {Guerrero, Luis A. and Fuller, David A.},
    number = {7},
    month = {6},
    pages = {457--467},
    volume = {43},
    url = {http://linkinghub.elsevier.com/retrieve/pii/S0950584901001549},
    doi = {10.1016/S0950-5849(01)00154-9},
    keywords = {CSCW, Collaborative applications construction, Design patterns, Groupware}
}

@article{Hossam2017,
    title = {{Layered software patterns for data analysis in big data environment}},
    year = {2017},
    journal = {International Journal of Automation and Computing},
    author = {Hakeem, Hossam},
    pages = {1--11},
    url = {http://link.springer.com/10.1007/s11633-016-1043-x},
    doi = {10.1007/s11633-016-1043-x},
    issn = {1476-8186},
    keywords = {Big data, data analysis, data modelling, layered structure, patterns}
}

@article{2015arXiv151103085K,
    title = {{Big Data and Business Intelligence: Debunking the Myths}},
    year = {2015},
    journal = {Global Business and Organizational Excellence},
    author = {Kimble, Chris and Milolidakis, Giannis},
    number = {1},
    month = {11},
    pages = {23--34},
    volume = {35},
    url = {http://doi.wiley.com/10.1002/joe.21642},
    doi = {10.1002/joe.21642},
    arxivId = {1511.03085},
    keywords = {Computer Science - Computers and Society}
}

@inproceedings{AndreseasWellhausenTim2011,
    title = {{How to write a pattern?}},
    year = {2011},
    booktitle = {Proceedings of the 16th European Conference on Pattern Languages of Programs - EuroPLoP},
    author = {Wellhausen, Tim and Fiesser, Andreas},
    pages = {1--9},
    url = {http://dl.acm.org/citation.cfm?doid=2396716.2396721},
    isbn = {9781450313025},
    doi = {10.1145/2396716.2396721}
}

@article{DobleMeszaros1997,
    title = {{MetaPatterns: A Pattern Language for Pattern Writing}},
    year = {1997},
    journal = {Pattern languages of program design},
    author = {Meszaros, Gerard and Doble, Jim},
    pages = {1--36},
    url = {http://xunitpatterns.com/~gerard/plopd3-pattern-writing-patterns-paper.pdf},
    isbn = {978-0-201-31011-5}
}

@book{Erl2015,
    title = {{Cloud Computing Design Patterns}},
    year = {2015},
    author = {Erl, Thomas},
    pages = {552},
    series = {The Prentice Hall Service Technology Series from Thomas Erl},
    publisher = {Prentice Hall},
    url = {https://dl.acm.org/citation.cfm?id=2810076},
    isbn = {9780133858563}
}

@book{Fehling2014,
    title = {{Cloud Computing Patterns}},
    year = {2014},
    author = {Fehling, Christoph and Leymann, Frank and Retter, Ralph and Schupeck, Walter and Arbitter, Peter},
    publisher = {Springer},
    url = {http://link.springer.com/10.1007/978-3-7091-1568-8},
    isbn = {978-3-7091-1567-1},
    doi = {10.1007/978-3-7091-1568-8}
}

@book{EducationPatterns2012,
    title = {{Pedagogical Patterns: Advice For Educators}},
    year = {2012},
    author = {Bergin, Joseph and Eckstein, Jutta and Volter, Markus and Sipos, Marianna and Wallingford, Eugene and Marquardt, Klaus and Chandler, Jane and Sharp, Helen and Manns, Mary Lynn},
    pages = {203},
    publisher = {CreateSpace Independent Publishing Platform},
    url = {http://oro.open.ac.uk/34138/},
    isbn = {978-0-9851543-5-6}
}

@inproceedings{HolleyKerrir2014,
    title = {{Enrichment Patterns for Big Data}},
    year = {2014},
    booktitle = {2014 IEEE International Congress on Big Data},
    author = {Holley, Kerrie and Sivakumar, Gandhi and Kannan, Kalapriya},
    pages = {796--799},
    publisher = {IEEE},
    url = {http://ieeexplore.ieee.org/document/6906871/},
    isbn = {978-1-4799-5057-7},
    doi = {10.1109/BigData.Congress.2014.127},
    keywords = {Data Architecture patterns for Big Data}
}

@book{MinerDonald2012,
    title = {{MapReduce Design Patterns}},
    year = {2012},
    author = {Miner, Donald and Shook, Adam},
    pages = {251},
    publisher = {O'Reilly Media},
    url = {http://shop.oreilly.com/product/0636920025122.do},
    isbn = {9781449327170}
}

@article{WareColin2013,
    title = {{Visual Thinking Design Patterns}},
    year = {2013},
    author = {Ware, Colin and Wright, William and Pioch, NJ},
    note = "\url{https://ccom.unh.edu/vislab/VTDP_web_pages/VTDP_HomePage.html} and \url{https://uncharted.software/assets/visual-thinking-design-patterns.pdf}",
    keywords = {data visualization, design patterns, visual thinking}
}

@article{ArnottDAvidBIPat2017,
    title = {{Patterns of business intelligence systems use in organizations}},
    year = {2017},
    journal = {Decision Support Systems},
    author = {Arnott, David and Lizama, Felix and Song, Yutong},
    month = {5},
    pages = {58--68},
    volume = {97},
    url = {http://www.sciencedirect.com/science/article/pii/S0167923617300453},
    doi = {10.1016/j.dss.2017.03.005},
    issn = {01679236}
}

@techreport{Forrester2013,
    title = {{The Patterns Of Big Data: A Data Management Playbook Toolkit}},
    year = {2013},
    author = {Hopkins, Brian and Owens, Leslie and Keenan, Julian},
    publisher = {Forrester Research},
    url = {https://www.forrester.com/report/The+Patterns+Of+Big+Data/-/E-RES96101}
}

@book{erl2015big,
    title = {{Big Data Fundamentals: Concepts, Drivers {\&} Techniques}},
    year = {2016},
    author = {Erl, T and Khattak, W and Buhler, P},
    series = {The Prentice Hall Service Technology Series from Thomas Erl},
    publisher = {Prentice Hall},
    url = {https://dl.acm.org/citation.cfm?id=2898954},
    isbn = {9780134291079}
}

@misc{IBM2013DeveloperWorks,
    title = {{Big data architecture and patterns}},
    year = {2013},
    booktitle = {IBM DeveloperWorks},
    author = {Mysore, Divakar and Shrikant, Khupat and Jain, Shweta},
    url = {http://www.ibm.com/developerworks/library/bd-archpatterns1/}
}

@book{MicrosoftPatterns2017,
    title = {{Microsoft Application Architecture Guide}},
    year = {2009},
    author = {{Microsoft}},
    pages = {560},
    series = {Patterns {\&} Practices},
    publisher = {Microsoft Press},
    url = {https://msdn.microsoft.com/en-us/library/ee658109.aspx},
    isbn = {9780735627109}
}

@book{Tutfe1883,
    title = {{The Visual Display of Quantitative Information}},
    year = {1983},
    author = {Tutfe, Edward},
    publisher = {Graphics Press},
    url = {https://www.edwardtufte.com/tufte/books_vdqi},
    isbn = {9781930824133}
}

@article{ShusenLiu2017,
    title = {{Visualizing High-Dimensional Data: Advances in the Past Decade}},
    year = {2015},
    journal = {Eurographics Conference on Visualization (EuroVis) - STARs},
    author = {Liu, Shusen and Maljovec, Dan and Wang, Bei and Bremer, Peer-Timo and Pascucci, Valerio},
    url = {http://diglib.eg.org/handle/10.2312/eurovisstar.20151115.127-147},
    doi = {10.2312/eurovisstar.20151115},
    keywords = {Taxonomy, computational modeling, data models, high-dimensional data, multidimensional data, visualization}
}

@misc{PatternMining2013,
    title = {{An Introduction to Frequent Pattern Mining}},
    year = {2013},
    booktitle = {The Data Mining Blog},
    author = {Fournier-Viger, Philippe},
    url = {http://data-mining.philippe-fournier-viger.com/introduction-frequent-pattern-mining/}
}

@article{AgarwalDhar2014,
    title = {{Big Data, Data Science, and Analytics: The Opportunity and Challenge for IS Research}},
    year = {2014},
    journal = {Information Systems Research},
    author = {Agarwal, Ritu and Dhar, Vasant},
    number = {3},
    month = {9},
    pages = {443--448},
    volume = {25},
    url = {http://pubsonline.informs.org/doi/abs/10.1287/isre.2014.0546},
    doi = {10.1287/isre.2014.0546},
    issn = {10477047}
}

@article{mcafee2012big,
    title = {{Big Data: The Management Revolution}},
    year = {2012},
    journal = {Harvard business review},
    author = {McAfee, Andrew and Brynjolfsson, Erik},
    number = {10},
    url = {https://hbr.org/2012/10/big-data-the-management-revolution},
    keywords = {Article, BigData, Strategy}
}

@misc{Sean2015,
    title = {{Data Science and Big Data: Two very Different Beasts}},
    year = {2015},
    booktitle = {KDnuggets},
    author = {McClure, Sean},
    url = {http://www.kdnuggets.com/2015/07/data-science-big-data-different-beasts.html}
}

@article{WatsonBiDatagettingIN2007,
    title = {{The Current State of Business Intelligence}},
    year = {2007},
    journal = {Computer},
    author = {Watson, Hugh J. and Wixom, Barbara H.},
    number = {9},
    month = {9},
    pages = {96--99},
    volume = {40},
    url = {http://ieeexplore.ieee.org/document/4302625/},
    doi = {10.1109/MC.2007.331},
    keywords = {Business intelligence, IT systems perspectives}
}

@article{DPSummarySMS2016,
    title = {{The state of the art on design patterns: A systematic mapping of the literature}},
    year = {2017},
    journal = {Journal of Systems and Software},
    author = {Bafandeh Mayvan, B. and Rasoolzadegan, A. and Ghavidel Yazdi, Z.},
    month = {3},
    pages = {93--118},
    volume = {125},
    url = {http://linkinghub.elsevier.com/retrieve/pii/S0164121216302321},
    doi = {10.1016/j.jss.2016.11.030},
    issn = {01641212},
    keywords = {Design patterns, Systematic mapping study, Systematic review}
}

@article{DeardenHCI2006,
    title = {{Pattern Languages in HCI: A Critical Review}},
    year = {2006},
    journal = {Human-Computer Interaction},
    author = {Dearden, Andy and Finlay, Janet},
    number = {1},
    pages = {49--102},
    volume = {21},
    doi = {10.1207/s15327051hci2101_3},
    issn = {0737-0024}
}

@article{GoFDesignPatternsAmpatzoglou2013,
    title = {{Research state of the art on GoF design patterns: A mapping study}},
    year = {2013},
    journal = {Journal of Systems and Software},
    author = {Ampatzoglou, Apostolos and Charalampidou, Sofia and Stamelos, Ioannis},
    number = {7},
    pages = {1945--1964},
    volume = {86},
    url = {http://www.sciencedirect.com/science/article/pii/S0164121213000757?via%3Dihub},
    isbn = {2310348007},
    doi = {10.1016/j.jss.2013.03.063},
    keywords = {Design patterns, Mapping study, Software quality attributes}
}

@techreport{Fern2016,
    title = {{Data Science and Big Data: Enterprise Paths to Success}},
    year = {2016},
    booktitle = {TDWI},
    author = {Halper, Fern},
    publisher = {TDWI},
    url = {https://tdwi.org/research/2016/12/best-practices-report-data-science-and-big-data/asset.aspx}
}

@incollection{PasianBeverly2015,
    title = {{Ontology and Epistomology}},
    year = {2015},
    booktitle = {Designs, Methods and Practices for Research of Project Management},
    author = {Klakegg, Ole Jonny},
    editor = {Pasian, Beverly},
    chapter = {5},
    pages = {520},
    publisher = {Routledge},
    url = {http://www.tandfebooks.com/isbn/9781315270197},
    isbn = {9781315270197},
    doi = {10.4324/9781315270197}
}

@book{Carson2001,
    title = {{Qualitative Marketing Research}},
    year = {2001},
    author = {Carson, David and Gilmore, Audrey and Perry, Chad and Gronhaug, Kjell},
    publisher = {SAGE Publications},
    url = {https://us.sagepub.com/en-us/nam/qualitative-marketing-research/book208811},
    isbn = {9781446205358}
}

@misc{FowlerBlog2006,
    title = {{Writing Software Patterns}},
    year = {2006},
    booktitle = {MartinFowler.com},
    author = {Fowler, Martin},
    url = {https://www.martinfowler.com/articles/writingPatterns.html}
}

@article{CorbinStrauss1990,
    title = {{Grounded theory research: Procedures, canons, and evaluative criteria}},
    year = {1990},
    journal = {Qualitative Sociology},
    author = {Corbin, Juliet M. and Strauss, Anselm},
    number = {1},
    pages = {3--21},
    volume = {13},
    url = {http://link.springer.com/10.1007/BF00988593},
    doi = {10.1007/BF00988593},
    issn = {0162-0436}
}

@book{PerezBook2017,
    title = {{Deep Learning Patterns}},
    year = {2018},
    booktitle = {Intuition Machine},
    author = {Perez, Carlos E.},
    url = {http://www.deeplearningpatterns.com/doku.php?id=start}
}

@techreport{PeterNorvig1996DesignProgramming,
    title = {{Design patterns in dynamic programming}},
    year = {1996},
    booktitle = {Object World},
    author = {Norvig, Peter},
    pages = {1--76},
    url = {http://www.norvig.com/design-patterns/design-patterns.pdf},
    institution = {Harlequin Inc.}
}

@article{Wilson2008PatternsEnvironments,
    title = {{Patterns of Personal Learning Environments}},
    year = {2008},
    journal = {Interactive Learning Environments},
    author = {Wilson, Scott},
    number = {1},
    pages = {17--34},
    volume = {16},
    publisher = {Routledge},
    url = {https://doi.org/10.1080/10494820701772660},
    doi = {10.1080/10494820701772660}
}

@article{WebsterJaineWatson2002,
    title = {{Analyzing the Past to Prepare for the Future: Writing a Literature Review}},
    year = {2002},
    journal = {MIS Quarterly},
    author = {Webster, Jane and Watson, Richard T},
    number = {2},
    pages = {xiii--xxiii},
    volume = {26},
    url = {https://dl.acm.org/citation.cfm?id=2017162}
}

@article{MatavireBrown2011,
    title = {{Profiling grounded theory approaches in information systems research}},
    year = {2011},
    journal = {European Journal of Information Systems},
    author = {Matavire, Rangarirai and Brown, Irwin},
    number = {1},
    pages = {119--129},
    volume = {22},
    publisher = {Palgrave Macmillan UK},
    url = {https://link.springer.com/article/10.1057/ejis.2011.35},
    doi = {10.1057/ejis.2011.35},
    keywords = {grounded theory methodology, is research methodology}
}

@inproceedings{MauroGreco2015,
    title = {{What is big data? A consensual definition and a review of key research topics}},
    year = {2015},
    booktitle = {AIP conference proceedings - International Conference on Integrated Information},
    author = {De Mauro, Andrea and Greco, Marco and Grimaldi, Michele},
    number = {1},
    pages = {97--104},
    volume = {1644},
    publisher = {AIP Publishing},
    isbn = {978-0-7354-1283-5},
    doi = {10.1063/1.4907823}
}

@book{DPCPQT2011,
    title = {{Introduction to Design Patterns in C++ with Qt}},
    year = {2011},
    author = {Ezust, Alan and Ezust, Paul},
    edition = {2nd},
    pages = {768},
    publisher = {Prentice Hall},
    url = {https://www.ics.com/designpatterns/book/main.html},
    isbn = {9780132826457}
}

@article{Noy2008SamplingResearch,
    title = {{Sampling Knowledge: The Hermeneutics of Snowball Sampling in Qualitative Research}},
    year = {2008},
    journal = {International Journal of Social Research Methodology},
    author = {Noy, Chaim},
    number = {4},
    pages = {327--344},
    volume = {11},
    doi = {10.1080/13645570701401305},
    issn = {1364-5579}
}

@misc{SalingarosSOMEALEXANDER,
    title = {{Some Notes on Christopher Alexander}},
    year = {2018},
    author = {Salingaros, N},
    publisher = {University of Texas at San Antonio},
    url = {http://zeta.math.utsa.edu/~yxk833/Chris.text.html}
}

@techreport{DongPan1998TheEngine,
    title = {{The application of design patterns in knowledge inference engine}},
    year = {1998},
    author = {Pan, Dong},
    url = {https://prism.ucalgary.ca/bitstream/1880/26071/1/34985Pan.pdf},
    institution = {University of Calgary}
}

@incollection{DelibasicBKirchnerK2008AApproach,
    title = {{A Pattern Based Data Mining Approach}},
    year = {2008},
    booktitle = {Data Analysis, Machine Learning and Applications. Studies in Classification, Data Analysis, and Knowledge Organization},
    author = {Deliba{\v{s}}i{\'{c}}, Boris and Kirchner, Kathrin and Ruhland, Johannes},
    editor = {Preisach, C. and Burkhardt, H. and Schmidt-Thieme, L. and Decker, R. },
    pages = {327--334},
    publisher = {Springer},
    doi = {10.1007/978-3-540-78246-9_39}
}

@techreport{Domino2017DS,
    title = {{The Practical Guide to Managing Data Science at Scale}},
    year = {2017},
    author = {{Domino}},
    pages = {1--25},
    publisher = {Domino Data Lab, Inc},
    url = {https://www.dominodatalab.com/resources/managing-data-science/}
}

@article{DavidDonoh2015Years50,
    title = {{50 Years of Data Science}},
    year = {2017},
    journal = {Journal of Computational and Graphical Statistics},
    author = {Donoho, David},
    number = {4},
    pages = {745--766},
    volume = {26},
    doi = {10.1080/10618600.2017.1384734}
}

@article{realTimeBIContinental2006,
    title = {{Real-Time business intelligence: Best practices at continental airlines}},
    year = {2006},
    journal = {Information Systems Management},
    author = {Watson, Hugh J. and Wixom, Barbara H. and Hoffer, Jeffrey A. and Anderson-Lehman, Ron and Reynolds, Anne Marie},
    number = {1},
    pages = {7--18},
    volume = {23},
    doi = {10.1201/1078.10580530/45769.23.1.20061201/91768.2}
}

@book{CarlShan2015TheScientists,
    title = {{The Data Science Handbook: Advice and Insights from 25 Amazing Data Scientists}},
    year = {2015},
    author = {Shan, Carl and Wang, Henry and Chen, William and Song, Max},
    publisher = {The Data Science Bookshelf},
    url = {http://www.thedatasciencehandbook.com/},
    isbn = {978-0-692-43487-1}
}

@book{JakeVanderPlas2016PythonHandbook,
    title = {{Python Data Science Handbook}},
    year = {2016},
    author = {VanderPlas, Jake},
    pages = {541},
    publisher = {O'Reilly Media},
    url = {https://jakevdp.github.io/PythonDataScienceHandbook/index.html}
}

@book{FieldCadyDSBook,
    title = {{The Data Science Handbook}},
    year = {2017},
    author = {Cady, Field},
    publisher = {Wiley},
    url = {https://www.wiley.com/en-us/The+Data+Science+Handbook-p-9781119092940},
    isbn = {9781119092940}
}

@article{2014BigChallenges,
    title = {{Big Data and Its Technical Challenges}},
    year = {2014},
    journal = {Communications of the ACM},
    author = {Jagadish, H.V. V. and Gehrke, Johannes and Labrinidis, Alexandros and Papakonstantinou, Yannis and Patel, Jignesh M. J.M. and Ramakrishnan, Raghu and Shahabi, Cyrus},
    number = {7},
    pages = {86--94},
    volume = {57},
    url = {https://dl.acm.org/citation.cfm?id=2611567},
    doi = {10.1145/2611567}
}

@article{Bryan2017DataTent,
    title = {{Data Science: A Three Ring Circus or a Big Tent?}},
    year = {2017},
    journal = {Journal of Computational and Graphical Statistics},
    author = {Bryan, Jennifer and Wickham, Hadley},
    number = {4},
    month = {12},
    pages = {784--785},
    volume = {26},
    url = {https://www.tandfonline.com/doi/full/10.1080/10618600.2017.1389743},
    doi = {10.1080/10618600.2017.1389743},
    arxivId = {1712.07349},
    keywords = {Statistics - Other Statistics}
}

@misc{KellyPosterUSerRBrussels2017,
    title = {{Teaching the Tidyverse in the Second Semester, Undergraduate Statistics Course}},
    year = {2017},
    booktitle = {UserR 2017 Brussels},
    author = {McConville, Kelly},
    url = {https://www.user2017.brussels/uploads/mcconville_user2017_Poster_2017_06_16.pdf},
    address = {Swarthmore College}
}

@article{Oliphant2007,
    title = {{Python for scientific computing}},
    year = {2007},
    journal = {Computing in Science and Engineering},
    author = {Oliphant, Travis E.},
    number = {3},
    pages = {10--20},
    volume = {9},
    doi = {10.1109/MCSE.2007.58},
    issn = {1521-9615}
}

@misc{PengStringFactor2015,
    title = {{stringsAsFactors: An unauthorized biography}},
    year = {2015},
    booktitle = {Simply Statistics},
    author = {Peng, Roger},
    url = {https://simplystatistics.org/2015/07/24/stringsasfactors-an-unauthorized-biography/},
    keywords = {R, factors, strings}
}

@misc{BlasMartinSlow2018,
    title = {{[Rd] Fixed BLAS tests for external BLAS library}},
    year = {2018},
    booktitle = {R-devel Mailing List},
    author = {Maechler, Martin},
    url = {https://stat.ethz.ch/pipermail/r-devel/2018-January/075343.html}
}

@inproceedings{GoogleDebt1,
    title = {{Hidden Technical Debt in Machine Learning Systems}},
    year = {2015},
    booktitle = {Advances in Neural Information Processing Systems},
    author = {Sculley, D. and Holt, Gary and Golovin, Daniel and Davydov, Eugene and Phillips, Todd and Ebner, Dietmar and Chaudhary, Vinay and Young, Michael and Crespo, Jean-Francois and Dennison, Dan},
    pages = {1--9},
    url = {https://dl.acm.org/citation.cfm?id=2969519}
}

@inproceedings{Ayankoya2014,
    title = {{Intrinsic Relations between Data Science, Big Data, Business Analytics and Datafication}},
    year = {2014},
    booktitle = {Proceedings of the Southern African Institute for Computer Scientist and Information Technologists Annual Conference 2014},
    author = {Ayankoya, Kayode and Calitz, Andre and Greyling, Jean},
    pages = {192--198},
    url = {http://dl.acm.org/citation.cfm?doid=2664591.2664619},
    isbn = {9781450332460},
    doi = {10.1145/2664591.2664619},
    keywords = {Big Data, Business Analytics, Business Intelligence, Data Science, Datafication}
}

@article{Rowley2007TheHierarchy,
    title = {{The wisdom hierarchy: representations of the DIKW hierarchy}},
    year = {2007},
    journal = {Journal of information science},
    author = {Rowley, Jennifer},
    number = {2},
    pages = {163--180},
    volume = {33},
    publisher = {SAGE Publications},
    url = {http://journals.sagepub.com/doi/abs/10.1177/0165551506070706},
    doi = {10.1177/0165551506070706}
}

@article{TidyDataWickham2014,
    title = {{Tidy Data}},
    year = {2014},
    journal = {Journal of Statistical Software},
    author = {Wickham, Hadley},
    number = {10},
    volume = {59},
    url = {https://www.jstatsoft.org/v059/i10},
    doi = {10.18637/jss.v059.i10}
}

@misc{DataTable2017,
    title = {{data.table: Extension of data.frame}},
    year = {2018},
    author = {Dowle, Matt and Srinivasan, Arun},
    url = {https://cran.r-project.org/package=data.table}
}

@techreport{NicolausHenke2016TheWorld,
    title = {{The age of analytics: Competing in a data-driven world}},
    year = {2016},
    author = {Henke, Nicolaus and Bughin, Jacques and Chui, Michael and Manyika, James and Saleh, Tamim and Wiseman, Bill and Sethupathy, Guru},
    url = {https://www.mckinsey.com/business-functions/mckinsey-analytics/our-insights/the-age-of-analytics-competing-in-a-data-driven-world},
    institution = {McKinsey}
}

@book{FosterProvost2013DataThinking,
    title = {{Data Science for Business: What You Need to Know about Data Mining and Data-Analytic Thinking}},
    year = {2013},
    author = {Provost, Foster and Fawcett, Tom},
    publisher = {O'Reilly Media},
    url = {http://shop.oreilly.com/product/0636920028918.do}
}

@article{Bergstra2012RandomOptimization,
    title = {{Random search for hyper-parameter optimization}},
    year = {2012},
    journal = {The Journal of Machine Learning Research},
    author = {Bergstra, James and Bengio, Yoshua},
    number = {1},
    pages = {281--305},
    volume = {13},
    url = {https://dl.acm.org/citation.cfm?id=2188395}
}

@article{RossZ2017DeclutterTools,
    title = {{Declutter your R workflow with tidy tools}},
    year = {2017},
    journal = {PeerJ Preprints},
    author = {Ross, Zev and Wickham, Hadley and Robinson, David},
    doi = {10.7287/peerj.preprints.3180v1},
    issn = {2167-9843}
}

@article{Millman2011PythonEngineers,
    title = {{Python for scientists and engineers}},
    year = {2011},
    journal = {Computing in Science and Engineering},
    author = {Millman, K. Jarrod and Aivazis, Michael},
    number = {2},
    pages = {9--12},
    volume = {13},
    url = {http://ieeexplore.ieee.org/document/5725235/},
    doi = {10.1109/MCSE.2011.36},
    keywords = {Programming languages, Python, Python libraries, Python tools, Scientific computing, interactive research}
}

@article{Long2000RigourResearch,
    title = {{Rigour, reliability and validity in qualitative research}},
    year = {2000},
    journal = {Clinical Effectiveness in Nursing},
    author = {Long, T. and Johnson, M.},
    number = {1},
    pages = {30--37},
    volume = {4},
    publisher = {Churchill Livingstone},
    url = {https://www.sciencedirect.com/science/article/pii/S1361900400901067},
    isbn = {0803924704},
    doi = {10.1054/cein.2000.0106},
    issn = {13619004},
    keywords = {Qualitative research, Reliability, Rigour, Validity}
}

@article{Durao2014AComputing,
    title = {{A systematic review on cloud computing}},
    year = {2014},
    journal = {Journal of Supercomputing},
    author = {Durao, Frederico and Carvalho, Jose Fernando S. and Fonseka, Anderson and Garcia, Vinicius Cardoso},
    number = {3},
    pages = {1321--1346},
    volume = {68},
    url = {https://doi.org/10.1007/s11227-014-1089-x},
    doi = {10.1007/s11227-014-1089-x},
    keywords = {Cloud computing, On-demand business model, Service layer agreement, Virtualization}
}

@article{Zhang2010CloudChallenges,
    title = {{Cloud computing: State-of-the-art and research challenges}},
    year = {2010},
    journal = {Journal of Internet Services and Applications},
    author = {Zhang, Qi and Cheng, Lu and Boutaba, Raouf},
    number = {1},
    pages = {7--18},
    volume = {1},
    url = {https://doi.org/10.1007/s13174-010-0007-6},
    doi = {10.1007/s13174-010-0007-6},
    keywords = {Cloud computing, Data centers, Virtualization}
}

@article{Pahl2015ContainerizationCloud,
    title = {{Containerization and the PaaS Cloud}},
    year = {2015},
    journal = {IEEE Cloud Computing},
    author = {Pahl, Claus},
    number = {3},
    pages = {24--31},
    volume = {2},
    url = {http://ieeexplore.ieee.org/document/7158965},
    doi = {10.1109/MCC.2015.51},
    keywords = {Docker, Kubernetes, PaaS, cloud, cloud computing, cluster, container, multicloud, virtualization}
}

@article{DickInteractive2014,
    title = {{Interactive Infographics and News Values}},
    year = {2014},
    journal = {Digital Journalism},
    author = {Dick, Murray},
    number = {4},
    pages = {490--506},
    volume = {2},
    doi = {10.1080/21670811.2013.841368},
    keywords = {digital journalism, infographics, interactive graphics, interactives, interactivity, news values, online journalism, visual journalism}
}

@article{SegelHeer2010,
    title = {{Narrative visualization: Telling stories with data}},
    year = {2010},
    journal = {IEEE Transactions on Visualization and Computer Graphics},
    author = {Segel, Edward and Heer, Jeffrey},
    number = {6},
    pages = {1139--1148},
    volume = {16},
    doi = {10.1109/TVCG.2010.179},
    keywords = {Narrative visualization, case study, design methods, journalism, social data analysis, storytelling}
}

@book{WardInteractiveApps2010,
    title = {{Interactive Data Visualization: Foundations, Techniques, and Applications}},
    year = {2010},
    author = {Ward, M. O. and Grinstein, G. and Keim, D.},
    publisher = {CRC Press},
    url = {https://www.crcpress.com/Interactive-Data-Visualization-Foundations-Techniques-and-Applications/Ward-Grinstein-Keim/p/book/9781482257373},
    isbn = {9781482257373}
}

@article{IBMMLSamuel1959,
    title = {{Some Studies in Machine Learning Using the Game of Checkers}},
    year = {1959},
    journal = {IBM Journal of Research and Development},
    author = {Samuel, A. L.},
    number = {3},
    volume = {3},
    url = {http://ieeexplore.ieee.org/document/5389202/},
    doi = {10.1147/rd.441.0206}
}

@book{DL2016Mit,
    title = {{Deep Learning}},
    year = {2016},
    author = {Goodfellow, Ian and Bengio, Yoshua and Courville, Aaron},
    publisher = {MIT Press},
    url = {http://www.deeplearningbook.org}
}

@article{Lichman:2013,
    title = {{Using the ADAP Learning Algorithm to Forecast the Onset of Diabetes Mellitus}},
    year = {1988},
    journal = {Proceedings of the Annual Symposium on Computer Application in Medical Care},
    author = {Smith, Jack W. and Everhart, J.E. and Dickson, W.C. and Knowler, W.C. and Johannes, R.S.},
    pages = {261--265},
    note = "\url{https://www.ncbi.nlm.nih.gov/pmc/articles/PMC2245318/} and \url{https://www.kaggle.com/uciml/pima-indians-diabetes-database}"
}

@book{Olson2008,
    title = {{Advanced data mining techniques}},
    year = {2008},
    author = {Olson, D.L. and Delen, D.},
    publisher = {Springer},
    url = {http://www.springer.com/de/book/9783540769163},
    isbn = {9783540769163},
    doi = {10.1007/978-3-540-76917-0}
}

@article{ReviewHyperOpt2015,
    title = {{Beyond Manual Tuning of Hyperparameters}},
    year = {2015},
    journal = {KI-K{\"{u}}nstliche Intelligenz},
    author = {Hutter, F. and L{\"{u}}cke, J. and Schmidt-Thieme, L.},
    number = {4},
    volume = {29},
    doi = {10.1007/s13218-015-0381-0}
}

@book{EnsembleML2012,
    title = {{Ensemble Machine Learning: Methods and Applications}},
    year = {2012},
    author = {Zhang, Cha. and Ma, Yunqian.},
    publisher = {Springer},
    url = {http://www.springer.com/de/book/9781441993250},
    isbn = {9781441993250}
}

@article{Netflix2009,
    title = {{The bellkor solution to the netflix grand prize}},
    year = {2009},
    author = {Koren, Yehuda},
    pages = {1--10},
    url = {http://citeseerx.ist.psu.edu/viewdoc/summary?doi=10.1.1.162.2118}
}

@article{BauerErikChan1999,
    title = {{An Empirical Comparison of Voting Classification Algorithms: Bagging, Boosting, and Variants}},
    year = {1999},
    journal = {Machine Learning},
    author = {Bauer, Eric and Kohavi, Ron and Chan, Philip and Stolfo, Salvatore and Wolpert, David},
    volume = {36},
    doi = {10.1023/A:1007515423169},
    keywords = {Bagging, Naive-Bayes, boosting, classification, decision trees, mean-squared error}
}

@article{GranaMichal2014,
    title = {{A survey of multiple classifier systems as hybrid systems}},
    year = {2014},
    journal = {Information Fusion},
    author = {Wo{\'{z}}niak, Michał and Gra{\~{n}}a, Manuel and Corchado, Emilio},
    number = {1},
    pages = {3--17},
    volume = {16},
    url = {https://www.sciencedirect.com/science/article/pii/S156625351300047X},
    doi = {10.1016/j.inffus.2013.04.006},
    keywords = {Classifier ensemble, Classifier fusion, Combined classifier, Hybrid classifier, Multiple classifier system}
}

@article{EnsambleBioinf2010,
    title = {{A Review of Ensemble Methods in Bioinformatics}},
    year = {2010},
    journal = {Current Bioinformatics},
    author = {Yang, Pengyi and Hwa Yang, Yee and B. Zhou, Bing and Y. Zomaya, Albert},
    number = {4},
    pages = {296--308},
    volume = {5},
    url = {http://www.ingentaconnect.com/content/ben/cbio/2010/00000005/00000004/art00006}
}

@incollection{PeterETHZ2012,
    title = {{Bagging, boosting and ensemble methods}},
    year = {2012},
    booktitle = {Handbook of Computational Statistics: Concepts and Methods},
    edition = {2nd},
    author = {B{\"{u}}hlmann, Peter},
    editor = {Gentle, J. and Härdle, W. and Mori, Y.},
    pages = {985--1022},
    publisher = {Springer},
    doi = {10.1007/978-3-642-21551-3_33}
}

@article{NagiSajid2013,
    title = {{Classification of microarray cancer data using ensemble approach}},
    year = {2013},
    journal = {Network Modeling Analysis in Health Informatics and Bioinformatics},
    author = {Nagi, Sajid and Bhattacharyya, Dhruba Kr.},
    number = {3},
    pages = {159--173},
    volume = {2},
    url = {http://link.springer.com/10.1007/s13721-013-0034-x},
    doi = {10.1007/s13721-013-0034-x}
}

@article{Opitz1999,
    title = {{Popular Ensemble Methods: An Empirical Study}},
    year = {1999},
    journal = {Journal Of Artificial Intelligence Research},
    author = {Maclin, R. and Opitz, D.},
    volume = {11},
    doi = {10.1613/jair.614},
    arxivId = {1106.0257}
}

@article{IndBIHistory2013,
    title = {{Cloud Business Intelligence - Is What Business Need Today}},
    year = {2013},
    journal = {International Journal of Recent Technology and Engineering},
    author = {Gurjar, Yuvraj Singh and Rathore, Vijay Singh},
    number = {6},
    volume = {1},
    url = {http://citeseerx.ist.psu.edu/viewdoc/download?doi=10.1.1.675.8516&rep=rep1&type=pdf}
}

@inproceedings{ArelDL2009,
    title = {{DeSTIN: A Scalable Deep Learning Architecture with Application to High-Dimensional Robust Pattern Recognition}},
    year = {2009},
    booktitle = {Proc. of the AAAI 2009 Fall Symposium on Biologically Inspired Cognitive Architectures},
    author = {Arel, Itamar and Rose, Derek and Coop, Robert},
    url = {http://citeseerx.ist.psu.edu/viewdoc/summary?doi=10.1.1.232.9693},
    isbn = {9781577354352}
}

@article{WilsonGred2017,
    title = {{Good enough practices in scientific computing}},
    year = {2017},
    journal = {PLoS Computational Biology},
    author = {Wilson, Greg and Bryan, Jennifer and Cranston, Karen and Kitzes, Justin and Nederbragt, Lex and Teal, Tracy K.},
    number = {6},
    volume = {13},
    doi = {10.1371/journal.pcbi.1005510}
}

@article{Bhatt2001,
    title = {{Knowledge management in organizations: examining the interaction between technologies, techniques, and people}},
    year = {2001},
    journal = {Journal of Knowledge Management},
    author = {Bhatt, Ganesh D.},
    number = {1},
    volume = {5},
    url = {https://doi.org/10.1108/13673270110384419},
    doi = {10.1108/13673270110384419}
}

@article{MarstonSean2011,
    title = {{Cloud computing - The business perspective}},
    year = {2011},
    journal = {Decision Support Systems},
    author = {Marston, Sean and Li, Zhi and Bandyopadhyay, Subhajyoti and Zhang, Juheng and Ghalsasi, Anand},
    number = {1},
    pages = {176--189},
    volume = {51},
    publisher = {North-Holland},
    url = {https://www.sciencedirect.com/science/article/pii/S0167923610002393},
    doi = {10.1016/J.DSS.2010.12.006}
}

@inproceedings{JusticeMartinis2015Cloud,
    title = {{Critical review of vendor lock-in and its impact on adoption of cloud computing}},
    year = {2015},
    booktitle = {International Conference on Information Society},
    author = {Opara-Martins, Justice and Sahandi, Reza and Tian, Feng},
    pages = {92--97},
    doi = {10.1109/i-Society.2014.7009018},
    keywords = {API's, cloud computing, data, enterprise migration, interoperability, portability, standards, vendor lock-in}
}

@misc{PythonCoreStandartLib,
    title = {{The Python Standard Library}},
    year = {2018},
    author = {{Python Core Team}},
    url = {https://docs.python.org/3/library/index.html}
}

@article{StoneAdamPrivSecCloud2010,
    title = {{Security and privacy challenges in cloud computing environments}},
    year = {2010},
    journal = {IEEE Security {\&} Privacy},
    author = {Stone, Adam and Takabi, Hassan and Joshi, James B D and Ahn, Gail-Joon},
    number = {6},
    pages = {24--31},
    volume = {8},
    doi = {10.1109/MSP.2010.186}
}

@book{Boehmke2016DataR,
    title = {{Data Wrangling with R}},
    year = {2016},
    author = {Boehmke, Bradley C.},
    publisher = {Springer},
    url = {http://www.springer.com/gp/book/9783319455983},
    doi = {10.1007/978-3-319-45599-0}
}

@misc{Rickert2017,
    title = {{What is the tidyverse?}},
    year = {2017},
    author = {Rickert, Joseph},
    publisher = {R Views},
    url = {https://rviews.rstudio.com/2017/06/08/what-is-the-tidyverse/}
}

@inproceedings{BinasGitLab2013,
    title = {{Version Control System in CS1 Course: Practical Experience}},
    year = {2013},
    booktitle = {11th IEEE International Conference on Emerging eLearning Technologies and Applications},
    author = {Biňas, M.},
    publisher = {IEEE},
    url = {http://ieeexplore.ieee.org/abstract/document/6674398/},
    doi = {10.1109/ICETA.2013.6674398}
}

@misc{PaulGitlab2016,
    title = {{Enterprise repo wars: GitHub vs. GitLab vs. Bitbucket}},
    year = {2016},
    booktitle = {InfoWorld},
    author = {Krill, Paul},
    url = {https://www.infoworld.com/article/3123244/application-development/enterprise-repo-wars-github-vs-gitlab-vs-bitbucket.html}
}

@article{Codd:1970:RMD:362384.362685,
    title = {{A Relational Model of Data for Large Shared Data Banks}},
    year = {1970},
    journal = {Commun. ACM},
    author = {Codd, E F},
    number = {6},
    pages = {377--387},
    volume = {13},
    publisher = {ACM},
    url = {http://doi.acm.org/10.1145/362384.362685},
    doi = {10.1145/362384.362685},
    keywords = {composition, consistency, data bank, data base, data integrity, data organization, data structure, derivability, hierarchies of data, join, networks of data, predicate calculus, redundancy, relations, retrieval language, security}
}

@techreport{CMACanada2003,
    title = {{Best Practices in Data Mining}},
    year = {2003},
    author = {Boire, Richard and Tyndall, Paul and Carriere, Greg and Champion, Rob},
    number = {August},
    pages = {36},
    url = {https://www.the-cma.org/disciplines/analytics/archive/best-practices-in-data-mining}
}

@book{DataBoK2017,
    title = {{DAMA-DMBOK: Data Management Body of Knowledge}},
    year = {2017},
    booktitle = {Dama International},
    author = {{DAMA}},
    edition = {2nd},
    pages = {624},
    publisher = {Technics Publications},
    url = {https://dama.org/content/body-knowledge},
    isbn = {9781634622349}
}

@inproceedings{GuhaSEngCloud2010,
    title = {{Impact of Web 2.0 and Cloud Computing Platform on Software Engineering}},
    year = {2010},
    booktitle = {International Symposium on Electronic System Design},
    author = {Guha, Radha and Al-Dabass, David},
    pages = {213--218},
    url = {http://ieeexplore.ieee.org/abstract/document/5715178/},
    doi = {10.1109/ISED.2010.48},
    keywords = {- web 2, 0, agile process model, cloud computing, engineering, software}
}

@inproceedings{Kohavi:1995:SCB:1643031.1643047,
    title = {{A Study of Cross-Validation and Bootstrap for Accuracy Estimation and Model Selection}},
    year = {1995},
    booktitle = {Proceedings of the 14th International Joint Conference on Artificial Intelligence - Volume 2},
    author = {Kohavi, Ron},
    pages = {1--7},
    url = {https://dl.acm.org/citation.cfm?id=1643047}
}

@book{BookCV201,
    title = {{Cross-Validation - Encyclopedia of Database Systems}},
    year = {2017},
    author = {Refaeilzadeh, Payam and Tang, Lei and Liu, Huan},
    editor = {L., Liu and M.T., Özsu},
    publisher = {Springer},
    isbn = {978-0-387-35544-3},
    doi = {10.1007/978-0-387-39940-9}
}

@article{KuhnMax2013,
    title = {{Applied predictive modeling}},
    year = {2013},
    journal = {Applied Predictive Modeling},
    author = {Kuhn, Max and Johnson, Kjell},
    pages = {1--600},
    url = {http://www.springer.com/gp/book/9781461468486},
    isbn = {9781461468493},
    doi = {10.1007/978-1-4614-6849-3},
    issn = {03781119}
}

@misc{Gutierrez-Osuna2002LECTURECross-validation,
    title = {{LECTURE 13: Cross-validation}},
    year = {2002},
    author = {Gutierrez-Osuna, Ricardo},
    pages = {15},
    publisher = {Texas A{\&}M University},
    url = {https://www.cs.tau.ac.il/~nin/Courses/NC05/pr_l13.pdf}
}

@inproceedings{Vanwinckelen2012OnCross-validation,
    title = {{On estimating model accuracy with repeated cross-validation}},
    year = {2012},
    booktitle = {21st Belgian-Dutch Conference on Machine Learning},
    author = {Vanwinckelen, Gitte and Blockeel, Hendrik},
    pages = {39--44},
    url = {https://lirias.kuleuven.be/handle/123456789/346385},
    keywords = {conditional prediction error, predictive model evaluation, repeated cross-validation}
}

@article{arlot2010,
    title = {{A survey of cross-validation procedures for model selection}},
    year = {2010},
    journal = {Statistics Surveys},
    author = {Arlot, Sylvain and Celisse, Alain},
    pages = {40--79},
    volume = {4},
    publisher = {The American Statistical Association, the Bernoulli Society, the Institute of Mathematical Statistics, and the Statistical Society of Canada},
    doi = {10.1214/09-SS054}
}

@incollection{CVStandart2008,
    title = {{In silico QSAR-based predictions of class I and class II MHC epitopes}},
    year = {2008},
    booktitle = {Immunoinformatics},
    author = {Hattotuwagama, Channa K. and Doytchinova, Irini A. and Guan, Pingping and Flower, Darren R.},
    pages = {63--89},
    doi = {10.1007/978-0-387-72968-8_4}
}

@book{limrperf2015,
    title = {{R High Performance Programming}},
    year = {2015},
    author = {Lim, Aloysius and Tjhi, William},
    pages = {176},
    publisher = {Packt Publishing},
    url = {https://www.packtpub.com/application-development/r-high-performance-programming},
    isbn = {9781783989263}
}

@book{Rubin2002,
    title = {{Statistical Analysis with Missing Data}},
    year = {2002},
    author = {Little, Roderick J. A. and Rubin, Donald B.},
    publisher = {Wiley},
    edition = {2nd},
    url = {https://www.wiley.com/en-us/Statistical+Analysis+with+Missing+Data%2C+2nd+Edition-p-9780471183860},
    isbn = {9780471183860}
}

@book{Gelman2007,
    title = {{Data Analysis Using Regression and Multilevel/Hierarchical Models}},
    year = {2006},
    author = {Gelman, Andrew and Hill, Jennifer},
    publisher = {Cambridge University Press},
    url = {http://www.stat.columbia.edu/~gelman/arm/},
    isbn = {978-0521686891}
}

@article{ZhangSingleImput2016,
    title = {{Missing data imputation: focusing on single imputation.}},
    year = {2016},
    journal = {Annals of translational medicine},
    author = {Zhang, Zhongheng},
    number = {1},
    pages = {9},
    volume = {4},
    url = {https://www.ncbi.nlm.nih.gov/pmc/articles/PMC4716933/},
    doi = {10.3978/j.issn.2305-5839.2015.12.38}
}

@article{DabneyAlanNormalization2012,
    title = {{Normalization and missing value imputation for label-free LC-MS analysis}},
    year = {2012},
    journal = {BMC Bioinformatics},
    author = {Karpievitch, Yuliya V and Dabney, Alan R and Smith, Richard D},
    number = {16},
    volume = {13},
    url = {http://bmcbioinformatics.biomedcentral.com/articles/10.1186/1471-2105-13-S16-S5},
    doi = {10.1186/1471-2105-13-S16-S5}
}

@article{GarcijaGomez2010,
    title = {{Pattern classification with missing data: a review}},
    year = {2010},
    journal = {Neural Computing and Applications},
    author = {Garc{\'{i}}a-Laencina, P. J. and Sancho-G{\'{o}}mez, JL. and Figueiras-Vidal, A. R.},
    number = {2},
    pages = {263--282},
    volume = {19},
    url = {http://link.springer.com/10.1007/s00521-009-0295-6},
    doi = {10.1007/s00521-009-0295-6}
}

@article{Grahama2002,
    title = {{Missing data: Our view of the state of the art}},
    year = {2002},
    journal = {Psychological Methods},
    author = {Schafer, Josepn L. and Graham, John W.},
    number = {2},
    pages = {147--177},
    volume = {7},
    doi = {10.1037/1082-989X.7.2.147}
}

@article{Lynn2002,
    title = {{Using multiple imputation for analysis of incomplete data in clinical research}},
    year = {2002},
    journal = {Nursing Research},
    author = {McCleary, Lynn},
    number = {5},
    pages = {339--343},
    volume = {51},
    doi = {10.1097/00006199-200209000-00012},
    keywords = {Data interpretation, Models, Research design, Statistical}
}

@article{Takahasi2012,
    title = {{Multiple Imputation of Turnover in EDINET Data: Toward the Improvement of Imputation for the Economic Census}},
    year = {2012},
    journal = {Work Session on Statistical Data Editing, UNECE},
    author = {Takahashi, M and Ito, T},
    url = {https://www.unece.org/fileadmin/DAM/stats/documents/ece/ces/ge.44/2012/35_Japan.pdf}
}

@article{Hasan2017,
    title = {{A comparison of model-based imputation methods for handling missing predictor values in a linear regression model: A simulation study}},
    year = {2017},
    journal = {AIP Conference Proceedings},
    author = {Hasan, Haliza and Ahmad, Sanizah and Osman, Balkish Mohd and Sapri, Shamsiah and Othman, Nadirah},
    volume = {1870},
    url = {http://aip.scitation.org/doi/pdf/10.1063/1.4995930},
    doi = {10.1063/1.4995930}
}

@article{AzurMellissa2011,
    title = {{Multiple imputation by chained equations: What is it and how does it work?}},
    year = {2011},
    journal = {International Journal of Methods in Psychiatric Research},
    author = {Azur, Melissa J. and Stuart, Elizabeth A. and Frangakis, Constantine and Leaf, Philip J.},
    number = {1},
    pages = {40--49},
    volume = {20},
    doi = {10.1002/mpr.329},
    keywords = {Analyze, Missing data, Multiple imputation}
}

@article{BaraldiCraig2010,
    title = {{An introduction to modern missing data analyses}},
    year = {2010},
    journal = {Journal of School Psychology},
    author = {Baraldi, Amanda N. and Enders, Craig K.},
    number = {1},
    pages = {5--37},
    volume = {48},
    doi = {10.1016/j.jsp.2009.10.001},
    keywords = {Maximum likelihood, Missing data, Multiple imputation, Planned missingness}
}

@article{DWSlideDice,
    title = {{Designing data warehouses with OO conceptual models}},
    year = {2001},
    journal = {Computer},
    author = {Trujillo, Juan and Palomar, Manuel and Gomez, Jaime and Song, Il Yeol},
    number = {12},
    volume = {34},
    doi = {10.1109/2.970579}
}

@article{InformaVisualiz,
    title = {{The Concept of Information Overload - A Review of Literature from Organization Science, Accounting, Marketing, MIS, and Related Disciplines}},
    year = {2004},
    journal = {The Information Society},
    author = {Eppler, Martin J. and Mengis, J.},
    number = {5},
    pages = {325--344},
    volume = {20},
    doi = {10.1080/01972240490507974},
    keywords = {gies, information explosion, information management strate-, information overload, information processing, information skills, information technology}
}

@article{Gershon1998,
    title = {{Visualization of an imperfect world}},
    year = {1998},
    journal = {IEEE Computer Graphics and Applications},
    author = {Gershon, Nahum},
    number = {4},
    pages = {43--45},
    volume = {18},
    doi = {10.1109/38.689662}
}

@inproceedings{Carr1999,
    title = {{Guidelines for designing information visualization applications}},
    year = {1999},
    booktitle = {Proceedings of the 1999 Ericsson Conference on Usability Engineering},
    author = {Carr, D},
    url = {http://urn.kb.se/resolve?urn=urn:nbn:se:ltu:diva-39533}
}

@misc{TabPatriVisual2015,
    title = {{Talk Data to Me: Data Visualization Best Practices}},
    year = {2015},
    author = {Nguyen, Hugh and Hyde, Patrick Van Der},
    publisher = {Tableau},
    url = {https://www.youtube.com/watch?v=GnMSjSWDQNk}
}

@article{NatureBPDASNMRI2017,
    title = {{Best practices in data analysis and sharing in neuroimaging using MRI}},
    year = {2017},
    journal = {Nature Neuroscience},
    author = {Nichols, Thomas E. and Das, Samir and Eickhoff, Simon B. and Evans, Alan C. and Glatard, Tristan and Hanke, Michael and Kriegeskorte, Nikolaus and Milham, Michael P. and Poldrack, Russell A. and Poline, Jean Baptiste and Proal, Erika and Thirion, Bertrand and Van Essen, David C. and White, Tonya and Yeo, B. T.Thomas},
    number = {3},
    pages = {299--303},
    volume = {20},
    doi = {10.1038/nn.4500}
}

@misc{EslamiAli2012,
    title = {{Patterns for Research in Machine Learning}},
    year = {2012},
    author = {Eslami, Ali},
    url = {http://arkitus.com/patterns-for-research-in-machine-learning/}
}

@article{Numpy2011,
    title = {{The NumPy array: A structure for efficient numerical computation}},
    year = {2011},
    journal = {Computing in Science and Engineering},
    author = {Walt, Stéfan Van Der and Colbert, S. Chris and Varoquaux, Gaël},
    number = {2},
    pages = {22--30},
    volume = {13},
    doi = {10.1109/MCSE.2011.37},
    keywords = {NumPy, Python, numerical computations, programming libraries, scientific programming}
}

@misc{MatrixCran2017,
    title = {{Matrix: Sparse and Dense Matrix Classes and Methods}},
    year = {2018},
    author = {Maechler, Martin and Bates, Douglas},
    url = {https://cran.r-project.org/package=Matrix}
}

@techreport{SAS2016,
    title = {{Best Practices for Machine Learning Applications}},
    year = {2016},
    booktitle = {SAS Paper SAS2360-2016},
    author = {Wujek, Brett and Hall, Patrick and G{\"{u}}neș, Funda},
    pages = {1--23},
    url = {https://support.sas.com/resources/papers/proceedings16/SAS2360-2016.pdf},
    institution = {SAS}
}

@book{PSDS2017,
    title = {{Practical Statistics for Data Scientists}},
    year = {2017},
    author = {Bruce, Peter and Bruce, Andrew},
    publisher = {O'Reilly Media},
    url = {http://shop.oreilly.com/product/0636920048992.do},
    isbn = {978-1491952962}
}

@article{imput2006,
    title = {{Imputation of missing values is superior to complete case analysis and the missing-indicator method in multivariable diagnostic research: A clinical example}},
    year = {2006},
    journal = {Journal of Clinical Epidemiology},
    author = {Heijden, Geert J M G van der and T. Donders, A. Rogier and Stijnen, Theo and Moons, Karel G M},
    number = {10},
    pages = {1102--1109},
    volume = {59},
    url = {https://www.sciencedirect.com/science/article/pii/S0895435606001983},
    doi = {10.1016/j.jclinepi.2006.01.015},
    keywords = {Bias, Complete case analysis, Indicator method, Missing data, Multiple imputation, Precision, Single imputation}
}

@article{minleegrid2005,
    title = {{Bankruptcy prediction using support vector machine with optimal choice of kernel function parameters}},
    year = {2005},
    journal = {Expert systems with applications},
    author = {Min, JH and Lee, YC},
    number = {4},
    pages = {603--614},
    volume = {28},
    url = {https://www.sciencedirect.com/science/article/pii/S0957417404001526},
    doi = {10.1016/j.eswa.2004.12.008}
}

@book{Trevor2017,
    title = {{The Elements of Statistical Learning: Data Mining, Inference, and Prediction}},
    year = {2017},
    author = {Hastie, Trevor and Tibshirani, Robert and Friedman, Jerome},
    pages = {757},
    url = {https://doi.org/10.1007/978-0-387-84858-7},
    doi = {10.1007/978-0-387-84858-7}
}

@article{ClusteringAnil2010,
    title = {{Data clustering: 50 years beyond K-means}},
    year = {2010},
    journal = {Pattern Recognition Letters},
    author = {Jain, Anil K.},
    number = {8},
    volume = {31},
    url = {https://www.sciencedirect.com/science/article/pii/S0167865509002323},
    doi = {10.1016/j.patrec.2009.09.011}
}

@inproceedings{Movies2012,
    title = {{Guess Who Rated This Movie: Identifying Users Through Subspace Clustering}},
    year = {2012},
    booktitle = {28th Conference on Uncertainty in Artificial Intelligence},
    author = {Zhang, Amy and Fawaz, Nadia and Ioannidis, Stratis and Montanari, Andrea},
    url = {https://arxiv.org/abs/1208.1544},
    arxivId = {1208.1544}
}

@article{MBAMR2012,
    title = {{Using Market Basket Analysis in Management Research}},
    year = {2012},
    journal = {Journal of Management},
    author = {Aguinis, Herman and Forcum, Lura E. and Joo, Harry},
    number = {7},
    pages = {1799--1824},
    volume = {39},
    url = {http://jom.sagepub.com/cgi/doi/10.1177/0149206312466147},
    doi = {10.1177/0149206312466147},
    keywords = {behavior, data analysis, impact, methodology, research design}
}

@techreport{Tillburg2009,
    title = {{Dimensionality reduction: A comparative review}},
    year = {2009},
    author = {Maaten, Laurens van der and Postma, Eric and Herik, Jaap van den},
    url = {https://www.tilburguniversity.edu/upload/59afb3b8-21a5-4c78-8eb3-6510597382db_TR2009005.pdf},
    institution = {Technical Report TiCC TR 2009-005},
    keywords = {dimensionality reduction, feature extraction, manifold learning}
}

@article{Brylspam2008,
    title = {{A survey of learning-based techniques of email spam filtering}},
    year = {2008},
    journal = {Artificial Intelligence Review},
    author = {Blanzieri, Enrico and Bryl, Anton},
    number = {1},
    pages = {63--92},
    volume = {29},
    doi = {10.1007/s10462-009-9109-6},
    keywords = {Machine learning, Spam filtering}
}

@inproceedings{ForestFires2007,
    title = {{A Data Mining Approach to Predict Forest Fires using Meteorological Data}},
    year = {2007},
    booktitle = {New trends in artificial intelligence: proceedings of the 13th Portuguese Conference on Artificial Intelligence},
    author = {Cortez, P and Morais, A},
    editor = {Neves, José Maia and Santos, Manuel Filipe and Machado, José Manuel},
    pages = {512--523},
    url = {http://hdl.handle.net/1822/8039}
}

@techreport{Zinkevitch2016,
    title = {{Rules of Machine Learning: Best Practices for ML Engineering}},
    year = {2016},
    author = {Zinkevich, Martin},
    url = {http://martin.zinkevich.org/rules_of_ml/rules_of_ml.pdf}
}

@inproceedings{BreckMLTest2016,
    title = {{What's your ML Test Score? A rubric for ML production systems}},
    year = {2016},
    booktitle = {Reliable Machine Learning in the Wild - NIPS 2016 Workshop},
    author = {Breck, Eric and Cai, Shanqing and Nielsen, Eric and Salib, Michael and Sculley, D},
    url = {https://research.google.com/pubs/pub45742.html}
}

@article{NadaML2004,
    title = {{Introduction: Lessons Learned from Data Mining Applications and Collaborative Problem Solving}},
    year = {2004},
    journal = {Machine Learning},
    author = {Lavra{\v{c}}, Nada and Motoda, Hiroshi and Fawcett, Tom and Holte, Robert and Langley, Pat and Adriaans, Pieter},
    number = {1-2},
    volume = {57},
    url = {https://link.springer.com/article/10.1023/B:MACH.0000035516.74817.51},
    doi = {10.1023/B:MACH.0000035516.74817.51}
}

@techreport{SASBP2007,
    title = {{Best Practices for Managing Predictive Models in a Production Environment}},
    year = {2007},
    booktitle = {Paper 076-2007},
    author = {Chu, Robert and Duling, David and Thompson, Wayne},
    pages = {1--10},
    url = {http://www2.sas.com/proceedings/forum2007/076-2007.pdf}
}

@misc{JonJupyter2016,
    title = {{Jupyter Notebook Best Practices for Data Science}},
    year = {2016},
    booktitle = {SVDC},
    author = {Whitmore, Jonathan},
    url = {https://www.svds.com/tbt-jupyter-notebook-best-practices-data-science/}
}

@misc{CharlerSutton2012,
    title = {{Principles of Research Code}},
    year = {2012},
    booktitle = {The Exclusive Or},
    author = {Sutton, Charles},
    url = {http://www.theexclusive.org/2012/08/principles-of-research-code.html}
}

@book{SimonBGDRAMR2016,
    title = {{Big Data Analytics with R}},
    year = {2016},
    author = {Walkowiak, Simon},
    publisher = {Packt Publishing},
    url = {https://www.packtpub.com/big-data-and-business-intelligence/big-data-analytics-r},
    isbn = {9781786463722}
}

@article{HortonNickKen2007,
    title = {{Much Ado About Nothing: A Comparison of Missing Data Methods and Software to Fit Incomplete Data Regression Models}},
    year = {2007},
    journal = {The American Statistician},
    author = {Horton, Nicholas J and Kleinman, Ken P},
    number = {1},
    volume = {61},
    url = {https://www.ncbi.nlm.nih.gov/pmc/articles/PMC1839993/},
    doi = {10.1198/000313007X172556},
    keywords = {Conditional Gaussian, Health services research, Maximum likelihood, Multiple imputation, Psychiatric epidemi-ology}
}

@unpublished{MittagNik2013,
    title = {{Imputations: Benefits, Risks and a Method for Missing Data}},
    year = {2013},
    author = {Mittag, Nikolas},
    url = {http://home.cerge-ei.cz/mittag/papers/Imputations.pdf},
    institution = {CERGE-EI},
    keywords = {data combination, imputation, missing data}
}

@techreport{Clarke2013,
    title = {{Seven steps to success machine learning in practice}},
    year = {2013},
    author = {Clarke, Daoud},
    pages = {1--14},
    url = {http://daoudclarke.github.io/guide.pdf}
}

@misc{WinVektro2014,
    title = {{Factors are not first-class citizens in R}},
    year = {2014},
    booktitle = {Win-Vector Blog},
    author = {Mount, John},
    url = {http://www.win-vector.com/blog/2014/09/factors-are-not-first-class-citizens-in-r/}
}

@inproceedings{AgileCI2009,
    title = {{Enabling agile testing through continuous integration}},
    year = {2009},
    booktitle = {Agile Conference},
    author = {Stolberg, Sean},
    pages = {369--374},
    url = {http://ieeexplore.ieee.org/abstract/document/5261055/},
    doi = {10.1109/AGILE.2009.16}
}

@incollection{BakerTOE2012,
    title = {{The Technology-Organization-Environment Framework}},
    year = {2012},
    booktitle = {Information Systems Theory},
    author = {Baker, Jeff},
    pages = {231--245},
    publisher = {Springer},
    doi = {10.1007%2F978-1-4419-6108-2_12},
    isbn = {978-1-4419-6107-5}
}

@article{OlivertraTOE2011,
    title = {{Literature Review of Information Technology Adoption Models at Firm Level}},
    year = {2011},
    journal = {Electronic Journal of Information Systems Evaluation},
    author = {Oliveira, T and Martins, MF},
    number = {1},
    pages = {110--121},
    volume = {14},
    url = {http://www.ejise.com/issue/download.html?idArticle=705},
    keywords = {diffusion of innovations, diffusion of innovations (, doi, framework, information technology, institutional theory, interorganizational systems, ioss, technology-organization-environment, theory, toe}
}

@incollection{tornatzky1990processes,
    title = {{The context for change: Organization, technology and environment}},
    year = {1990},
    booktitle = {The processes of technological innovation},
    author = {DePietro, Rocco and Wiarda, Edith and Fleischer, Mitchell},
    editor = {Tornatzky, L. G. and Fleischer, M.},
    pages = {151--175},
    publisher = {Lexington Books},
    url = {https://books.google.com/books?id=EotRAAAAMAAJ},
    isbn = {9780669203486}
}

@misc{SmithDavid2009159,
    title = {{Batch mode in R: a primer}},
    year = {2009},
    author = {Smith, David},
    publisher = {Revolutions},
    url = {http://blog.revolutionanalytics.com/2009/06/batch-mode-in-r-a-primer.html}
}

@book{PDLMLRaschka2016,
    title = {{Python: Deeper Insights into Machine Learning}},
    year = {2016},
    author = {Raschka, Sebastian and Julian, David and Hearty, John},
    publisher = {Packt Publishing},
    url = {https://www.packtpub.com/big-data-and-business-intelligence/python-deeper-insights-machine-learning},
    isbn = {9781787128545}
}

@book{RamlhoLucFPython2015,
    title = {{Fluent Python: Clear, Concise, and Effective Programming}},
    year = {2015},
    author = {Ramalho, Luciano},
    publisher = {O'Reilly Media},
    url = {http://shop.oreilly.com/product/0636920032519.do},
    isbn = {9781491946008}
}

@misc{DJ2013,
    title = {{Stanford Seminar - The Things I Wish I Knew - Lessons Learned from Making Data Product}},
    year = {2013},
    author = {Patil, DJ},
    url = {https://www.youtube.com/watch?v=YqQ86NDeGpo%0A}
}

@article{WandaSusan2008,
    title = {{Sociomateriality: Challenging the Separation of Technology, Work and Organization}},
    year = {2008},
    journal = {The Academy of Management Annals},
    author = {Orlikowski, Wanda J. and Scott, Susan V.},
    number = {1},
    pages = {433--474},
    volume = {2},
    doi = {10.1080/19416520802211644}
}

@article{BaxterST2011,
    title = {{Socio-technical systems: From design methods to systems engineering}},
    year = {2011},
    journal = {Interacting with Computers},
    author = {Baxter, Gordon D. and Sommerville, Ian},
    number = {1},
    pages = {4--17},
    volume = {23},
    url = {http://linkinghub.elsevier.com/retrieve/pii/S0953543810000652},
    doi = {10.1016/j.intcom.2010.07.003},
    keywords = {socio-technical systems, software engineering, systems engineering}
}

@article{BrianSTS2009,
    title = {{A Brief Introduction to Sociotechnical Systems}},
    year = {2009},
    journal = {Encyclopedia of Information Science and Technology},
    author = {Whitworth, Brian},
    edition = {2nd},
    pages = {394--400},
    url = {http://services.igi-global.com/resolvedoi/resolve.aspx?doi=10.4018/978-1-60566-026-4.ch066},
    doi = {10.4018/978-1-60566-026-4.ch066},
    keywords = {System, System Environment, System Levels, information system, social system, system elements}
}

@article{Holfstede1993,
    title = {{Cultural constraints in management theories}},
    year = {1993},
    journal = {Academy of Management Perspectives},
    author = {Hofstede, Geert},
    number = {1},
    pages = {81--94},
    volume = {7},
    url = {http://amp.aom.org/cgi/doi/10.5465/AME.1993.9409142061},
    doi = {10.5465/AME.1993.9409142061}
}

@article{Holfestede2011,
    title = {{Dimensionalizing Cultures: The Hofstede Model in Context}},
    year = {2011},
    journal = {Online Readings in Psychology and Culture},
    author = {Hofstede, Geert},
    number = {1},
    volume = {2},
    url = {http://scholarworks.gvsu.edu/orpc/vol2/iss1/8},
    doi = {10.9707/2307-0919.1014}
}

@incollection{BI2.0Ov2012,
    title = {{Business intelligence 2.0: A general overview}},
    year = {2012},
    booktitle = {Lecture Notes in Business Information Processing 96},
    author = {Trujillo, Juan and Mat{\'{e}}, Alejandro},
    pages = {98--116},
    doi = {10.1007/978-3-642-27358-2_5},
    keywords = {Data warehouses, business intelligence 2.0, cloud computing, collaborative BI, collective intelligence, crowdsourcing, real-time, social networks, web 2.0}
}

@book{OrelyJavaDP2009,
    title = {{Head First Design Patterns: A Brain-Friendly Guide}},
    year = {2009},
    author = {Freeman, Eric and Robson, Elisabeth and Bates, Bert and Sierra, Kathy},
    edition = {1st},
    publisher = {O'Reilly Media},
    url = {http://shop.oreilly.com/product/9780596007126.do}
}

@book{RubyDP2007,
    title = {{Design Patterns in Ruby}},
    year = {2007},
    author = {Olsen, Russ},
    publisher = {Addison-Wesley Professional},
    url = {https://dl.acm.org/citation.cfm?id=1349728},
    isbn = {9780321490452}
}
